2700 3925
469 431 724 520 Lim
772 429 885 518 VII.
977 462 1022 517 tt

280 594 408 651 fluminis
418 595 534 652 intrastis
545 597 618 668 ripas
628 637 636 663 ‚
649 609 782 667 portuque
791 593 888 649 sedetis
897 613 906 648 t

279 695 320 747 Ne
328 695 412 767 sugite
420 695 585 765 hospitium
596 689 666 749 deve
678 695 800 767 ignorate
812 693 923 747 Latinos

255 802 259 815 ¹
277 793 385 848 Saturni
396 807 505 865 gentem
517 794 604 857 ‚haud
615 789 709 846 vinclo
720 807 769 846 nec
780 789 883 863 legibus
895 803 1016 859 aquam.

277 891 381 959 Sponte
393 891 457 958 sud,
477 891 629 962 veterisque
638 890 693 944 Dei
703 891 730 943 se
738 903 815 942 more
825 901 971 941 tenentem.

278 990 368 1059 Atque
381 989 506 1058 equidem
515 987 627 1041 memini
637 991 649 1059 (
657 987 727 1041 fama
736 983 1017 1052 estobscuriorannis)
1032 993 1080 1046 205

278 1086 421 1139 Auruncos
432 1087 471 1139 ita
480 1087 547 1140 serre
558 1087 633 1140 senes
643 1105 652 1147 ·,
667 1087 710 1139 bis
722 1099 797 1140 ortus
808 1099 840 1138 ut
850 1083 920 1156 agris

281 1184 423 1237 Dardanus
431 1185 513 1237 Idaeas
522 1183 645 1256 Phrygia
655 1183 802 1254 penetririt
811 1185 843 1236 td
853 1183 945 1246 urbes,

285 1279 485 1351 Threiciamque
491 1283 668 1351 Samonque
674 1279 930 1336 nuncSantothracia
936 1280 1026 1333 fertur.

283 1375 357 1429 Hinc
368 1377 444 1431 illum
455 1377 572 1450 Corythi
580 1379 720 1449 Tyrrhena
729 1380 760 1432 ab
769 1379 828 1432 sede
836 1377 986 1447 profestum

279 1475 367 1528 Aurea
378 1491 451 1528 nunc
464 1473 534 1528 solio
545 1474 671 1529 stellantis
683 1475 754 1547 regia
765 1473 829 1529 coeli
1031 1487 1085 1526 210

279 1571 386 1641 Accipit
398 1581 407 1636 “,
426 1572 453 1624 &
466 1589 578 1625 numero
587 1572 725 1626 Diuorum
736 1572 859 1626 altaribus
874 1571 954 1627 addit.

316 1670 453 1730 Dixerat,
464 1670 490 1723 dt
500 1668 568 1723 dieta
576 1670 695 1724 Ilioneus
705 1670 740 1723 tic
748 1687 817 1723 voce
826 1670 944 1723 secutus:

281 1766 341 1817 Rex
352 1805 360 1830 ,
373 1781 458 1836 genus
467 1763 603 1836 egregium
612 1766 695 1819 Fauni
705 1787 714 1829 ;
726 1783 775 1820 nec
785 1765 907 1820 fluctibus
917 1765 991 1820 astos

280 1863 345 1913 Atta
354 1860 458 1931 subegit
466 1861 563 1931 hyems
573 1861 667 1916 vestris
679 1864 815 1917 succedere
825 1863 918 1925 terris3

278 1962 336 2013 Nec
351 1959 421 2013 fidus
436 1959 546 2031 regione
556 1962 609 2015 viae
620 1962 730 2016 littusve
741 1962 844 2019 fetetlit.
945 2036 947 2041 Ι
1031 1981 1080 2034 2¹5

282 2056 404 2110 Consilio
415 2057 484 2110 hanc
494 2073 588 2110 omnes
598 2058 746 2129 animisque
755 2056 908 2113 volentibus
918 2062 1010 2113 urbem

281 2154 446 2215 Affetimtu3
461 2153 528 2224 pulsi
538 2154 627 2226 regnis
637 2195 647 2220 ‚
659 2173 718 2226 quae
730 2156 847 2209 maxima
858 2160 992 2227 quondam

283 2252 412 2304 Extremo
419 2250 533 2303 venient
545 2250 593 2303 Sol
605 2250 746 2320 aspiciebat
757 2252 889 2323 Olympo.

281 2348 320 2400 Ab
329 2349 403 2402 Jove
414 2346 577 2417 principium
586 2348 706 2419 generis,
717 2350 733 2405 J
735 2367 787 2403 ove
796 2352 919 2404 Dardana
928 2353 1010 2421 pubes

281 2442 389 2499 Gaudet
400 2459 455 2498 avo
465 2464 473 2497 ι
485 2446 545 2498 Rex
553 2446 609 2515 ipse
618 2446 632 2501 J
635 2447 697 2500 ovis
706 2450 739 2501 de
748 2464 827 2519 gente
838 2448 958 2519 suprema
968 2491 976 2517 ‚
1030 2471 1084 2510 220

283 2542 381 2597 Troius
394 2541 760 2599 AEneastunnooadlimina
769 2546 848 2602 misit.
1011 2545 1014 2550 ’

285 2640 392 2706 Quanta
402 2654 452 2707 per
459 2640 544 2693 Idaeos
553 2640 631 2694 saevis
640 2638 722 2696 effiisa
731 2642 857 2714 Mycenis

285 2735 439 2808 Tempestas
448 2735 510 2789 ierit
519 2754 645 2807 campos,
662 2740 757 2809 quibus
767 2740 839 2795 aetus
850 2756 963 2815 uterque

286 2833 397 2905 Europae
407 2844 487 2903 atque
495 2833 561 2887 nfiae
569 2835 630 2889 satis
640 2836 804 2891 concurrerit
812 2838 904 2906 orbis,

287 2932 395 2995 ¹Audiit,
409 2930 435 2983 n
448 2930 557 3000 fiquem
567 2934 644 2987 tellus
654 2949 775 2988 extrema
786 2936 875 2991 refuso
1031 2963 1081 3014 225

290 3029 434 3083 Submovet
445 3026 557 3083 Oceano
567 3030 645 3101 ‚defi
658 3050 738 3102 quem
749 3050 856 3087 extenta
865 3038 1002 3108 plagarum

292 3125 411 3190 Quatuot
420 3128 449 3179 in
457 3127 548 3183 medio
557 3128 657 3187 dirimit
665 3133 743 3203 plaga
751 3132 815 3188 solis
825 3134 932 3204 iniqui.'
947 3158 950 3163 >

855 3234 880 3282 t
895 3232 925 3298 vj
