2700 3925
275 407 927 488 metaumau-

275 606 440 682 ABER
464 603 859 678 UNDECIMUS.

277 793 396 836 nauum
408 780 509 834 interea
520 779 630 850 surgens
642 778 747 830 Aurora
756 775 875 846 reliquit.

275 877 466 950 ¹(quamquam
476 878 503 931 &
512 876 592 931 sotiis
603 877 664 929 dare
675 891 781 944 tempus
791 871 931 928 humandis

275 973 352 1030 ritant
361 992 430 1029 eutae
441 1015 449 1041 ,
462 976 616 1045 turbataque
624 974 717 1029 sunere
727 988 803 1028 mens
812 971 868 1044 est)

275 1072 359 1127 neum
369 1071 459 1142 ptimo
471 1070 560 1126 vitiet
571 1072 691 1124 solvebat
702 1071 772 1125 Eoo.

277 1166 580 1240 emquetcum,decisis
592 1169 709 1237 undique
721 1165 819 1232 tamis,
956 1173 972 1234 ς

277 1265 330 1320 tuit
341 1268 466 1331 tumulo,
484 1264 666 1336 fulgentiaque
680 1264 766 1316 induit
775 1280 862 1329 arma,

276 1363 307 1418 m
315 1362 389 1418 ducis
400 1363 543 1427 exsuvias,
561 1362 629 1427 tibi,
643 1365 753 1432 magne,
766 1376 917 1431 tropaeum,

276 1473 368 1515 nuens:
382 1474 454 1531 aptat
465 1474 586 1513 rotantes
598 1459 726 1530 sanguine
736 1457 844 1524 cristas,

276 1575 303 1612 te
315 1572 407 1611 trunca
417 1558 491 1622 viri,
507 1556 585 1611 &his
593 1558 641 1611 sex
649 1559 757 1611 thoraca
765 1558 881 1627 petinam

276 1654 386 1726 [umque
396 1656 465 1709 locis
477 1674 487 1717 ;
504 1658 682 1726 clypeumque
694 1674 729 1709 ex
735 1673 792 1711 -aete
803 1656 909 1712 sinistre
958 1667 995 1710 ιθ

277 1766 304 1807 at
315 1791 328 1818 ,
336 1768 415 1824 atque
426 1754 517 1807 ensem
527 1756 600 1807 tollo
613 1754 747 1823 suspendit
759 1755 899 1809 eburnum.
967 1793 970 1798 -

276 1849 356 1904 bcios
367 1849 502 1921 (namque
515 1852 600 1904 omnis
613 1868 675 1905 eum
687 1850 780 1920 stipata
790 1852 897 1921 tegebat

282 1947 400 2020 ducum)
412 1948 447 2003 sic
458 1948 590 2018 incipiens
599 1949 722 2001 hortatur
734 1963 862 2001 ovantes:

276 2062 309 2099 na
319 2063 362 2100 tes
374 2046 466 2101 effesla
477 2087 485 2111 ,
495 2046 549 2099 viri
560 2066 567 2101 ε
578 2047 661 2101 timor
671 2046 761 2101 omnis
774 2044 880 2112 abesto,

277 2143 404 2213 superest.
415 2145 481 2197 Haet
490 2144 551 2196 sunt
562 2143 648 2213 spolia
659 2143 727 2197 &de
738 2160 800 2215 rege
812 2143 926 2213 superbo
958 2158 993 2211 ις

276 2241 315 2295 ia
329 2260 336 2295 :
349 2240 522 2311 manibusque
535 2239 603 2295 meis
615 2239 768 2294 Mezentius
776 2236 822 2294 hic
833 2239 881 2299 est.

276 2337 328 2391 iter
338 2339 370 2391 ad
378 2355 469 2409 regem
478 2337 556 2391 nobis
568 2337 712 2407 murosque
721 2338 844 2394 Latinos.

276 2448 366 2507 parate
378 2435 474 2489 animis
485 2474 496 2500 ,
506 2436 533 2488 δι
545 2435 591 2505 spe
603 2434 755 2503 presumite
764 2437 880 2498 bellum3

277 2550 377 2589 amora
390 2532 496 2604 ignaros
507 2572 515 2597 ,
526 2532 572 2585 ubi
583 2532 700 2600 primum
711 2537 812 2587 vellere
823 2533 900 2605 figna

277 2629 336 2683 rint
347 2631 441 2700 Superi
452 2670 460 2695 ,
470 2632 621 2700 pubemque
633 2633 744 2685 educere
755 2630 862 2698 castris,
956 2649 993 2689 20

277 2727 315 2781 iat
325 2768 333 2793 ,
345 2728 488 2799 segnesque
498 2744 572 2782 metu
582 2729 713 2782 sententia
724 2730 819 2784 tardet.

277 2823 389 2878 tsocios
399 2824 587 2896 inhumataque
597 2842 711 2895 corpora
720 2841 797 2880 terra

277 2921 494 2991 emtis3quisolus
501 2923 589 2979 honos
596 2924 749 2977 Acheronte
757 2923 804 2977 sub
811 2921 868 2978 imo
877 2924 925 2982 est.

278 3035 306 3085 t,
316 3019 434 3090 egregias
444 3020 560 3085 animas,
573 3038 631 3090 quae
641 3019 767 3090 sanguine
780 3021 857 3075 nobis

277 3115 383 3189 patriam
394 3133 520 3186 peperere
530 3119 580 3174 suo
591 3157 599 3186 ,
609 3121 731 3174 decorate
741 3118 870 3187 supremis
923 3162 938 3205 ³.
946 3134 990 3190 ,ις
