2700 3925
359 412 884 498 Surrramurrwm.
947 421 1023 525 283

282 571 311 624 0
324 571 406 637 felix,
418 590 497 642 quem
507 589 579 628 tanta
590 591 699 630 manent
712 580 718 630 Ξ
731 565 826 630 dehinc
837 593 901 645 pace
910 578 1013 631 tenebis

282 669 338 721 Sub
348 669 450 737 placida
459 687 566 740 gentem
576 672 699 724 Iliacam:
712 671 770 742 post
778 673 855 727 sellus
866 712 874 737 ‚
888 675 914 725 δι
924 691 986 726 aevo

284 766 431 820 Confectus
442 770 548 820 tandem
557 769 657 839 Elysias
666 770 741 824 socer
749 770 798 823 ibit
807 773 969 824 adumbrts:

284 865 414 918 succedes
424 847 529 934 sceptro
542 882 638 936 ,atque
650 868 723 921 Italis
733 868 919 933 dominabere,
932 869 1004 937 leges

250 1021 255 1028 ,
286 966 454 1016 Communes
465 964 626 1033 Teucrisque
636 965 737 1018 serens:
746 980 805 1018 tum
814 968 890 1018 laetus
900 968 932 1018 ad
943 970 1026 1019 altum

286 1061 326 1113 Te
336 1061 428 1114 mittes
438 1064 538 1114 coelum
548 1080 556 1122 ·,
567 1063 602 1115 sic
611 1063 658 1115 siat
666 1064 797 1116 sententia
807 1064 920 1118 Divdm.
965 1086 967 1090 ⁷

286 1156 386 1210 Dixit:
401 1158 427 1209 δι
439 1157 499 1210 inde
509 1161 585 1211 leves
597 1160 702 1230 fugiens
711 1161 738 1212 se
750 1161 828 1213 vexit
837 1162 868 1212 ad
877 1177 962 1215 auras.

290 1295 293 1300 .
324 1254 421 1306 AEneas
432 1267 507 1307 tanto
518 1254 686 1324 stupesadbam
696 1256 804 1309 numine
815 1271 932 1309 mentem

287 1354 425 1406 Perculsus
436 1392 444 1416 ,
456 1354 536 1405 Divae
546 1354 647 1424 peragit
659 1355 781 1406 mandata
792 1355 919 1422 parentis.

288 1451 322 1502 Et
331 1449 385 1515 jam
394 1450 558 1518 compositos
567 1450 639 1503 selici
648 1452 677 1501 in
687 1466 752 1519 pace
761 1452 866 1519 regebat

287 1546 469 1600 Dardanidas:
485 1546 512 1597 δι
523 1545 576 1610 jam
586 1547 715 1599 decedens
725 1546 827 1614 sceptra
838 1546 948 1601 Latinus

288 1625 430 1713 Liquerat,
442 1643 469 1695 ὅ(
480 1642 540 1710 pius
552 1642 648 1695 AEneas
661 1640 832 1706 successerat,
846 1659 955 1697 omnem

288 1742 437 1794 Ausoniam
447 1779 455 1803 ,
464 1741 571 1806 latique
582 1752 679 1806 potens
690 1738 793 1791 ditione
803 1741 918 1793 tenebat.

287 1837 303 1893 J
306 1856 349 1890 am
359 1838 465 1906 paribus
475 1836 593 1905 Phryges
604 1875 611 1899 ‚
627 1850 706 1905 atque
716 1837 774 1889 ltali
784 1836 811 1888 se
821 1836 939 1890 motibus
948 1835 1019 1890 ultrc't
1030 1876 1038 1902 ,

289 1936 323 1988 Et
335 1935 408 1988 socia
419 1934 523 2003 ingenti
531 1932 670 1986 firmabant
681 1932 789 2001 pesbora
801 1936 910 1999 amore,

291 2033 481 2101 Concordique
493 2048 579 2100 equas
589 2030 732 2082 miscebant
742 2031 841 2083 foedere
850 2033 922 2102 leges
933 2049 942 2092 3

292 2131 364 2183 Tum
378 2129 467 2181 medio
479 2129 573 2179 Venus
584 2127 719 2179 exsultans
729 2127 756 2178 se
768 2127 875 2180 immisit
888 2129 1011 2199 Olympo

293 2229 363 2279 Ante
375 2226 389 2279 J
392 2241 474 2278 ovem
484 2243 491 2276 t
503 2224 530 2276 ὅ(
541 2224 682 2292 complexa
693 2224 819 2292 pedes‚fic
831 2241 878 2278 ore
888 2228 976 2277 locuta
985 2224 1040 2280 ests

295 2323 478 2390 Omnipotens
491 2319 617 2390 genitor,
630 2319 677 2387 qui
689 2320 761 2372 solus
770 2322 802 2372 ab
813 2322 909 2373 aethere
919 2321 1023 2372 summo

295 2416 397 2475 eunden
403 2435 499 2471 moves
509 2416 570 2484 :qui
577 2415 776 2478 resbominum,
783 2417 907 2485 curasque
914 2417 1041 2470 recenses:
1053 2471 1056 2478 ,

295 2521 371 2572 Dum
383 2518 502 2568 Teucros
511 2513 626 2563 traheret
635 2511 741 2563 fortuna
750 2511 859 2565 inimica
870 2552 877 2576 ,
890 2515 1030 2579 recordor,

295 2614 450 2684 Spondebas
462 2609 543 2661 finem
555 2607 680 2661 aerumnis
690 2643 698 2669 ,
710 2609 837 2678 rebusque
850 2610 969 2664 salutem.

296 2714 354 2764 Nec
365 2725 411 2761 tua
422 2724 465 2760 me
477 2705 621 2775 promissa,
632 2720 721 2774 pater,
735 2706 863 2758 sententia
873 2708 957 2760 saliit:

296 2810 421 2874 Namque
431 2820 525 2857 omnes
535 2804 647 2873 gaudere
656 2802 726 2855 sacri
738 2818 790 2856 tres
801 2820 865 2871 pace
875 2820 922 2871 per
931 2820 1016 2857 annos

297 2904 433 2957 Viderunt
445 2903 518 2954 ltalae
530 2901 605 2952 nullo
615 2899 764 2953 discrimine
776 2916 880 2969 partes:

298 3001 404 3054 Verum
416 3001 448 3051 ad
456 2997 548 3051 siderei
558 2996 695 3049 missurum
703 3000 818 3051 culmina
827 2997 890 3051 coeli

300 3097 442 3152 Pollicitus
454 3112 580 3166 magnum
588 3095 717 3165 uncam,
729 3096 906 3167 meritumque
915 3095 1014 3153 serebas
