2700 3925
358 389 433 493 198
548 379 892 465 AEuntoor

351 544 463 599 Viribus
474 545 543 600 haud
553 545 615 600 ullis
624 546 712 601 valuit
722 546 867 601 discludere
876 547 983 601 morsus

351 642 470 697 Roboris
478 644 585 699 AEneas.
596 645 672 698 Dum
683 643 779 698 nititur
788 661 865 710 acer,
877 644 905 697 ἃ
916 643 1008 708 instat,

352 740 454 797 Rursus
465 742 495 795 in
505 744 602 814 auriga
611 742 707 797 faciem
718 756 819 796 mutata
829 742 940 796 Metisci

296 830 515 905 785Procurrit,
529 839 658 910 fratrique
672 840 763 893 ensem
778 841 840 894 Dea
853 835 1056 894 Dauniarelllt.

354 936 437 1004 Quod
447 938 541 993 Venus
554 938 645 993 audaci
657 938 792 1010 Nympha
802 938 943 1009 indignata
951 936 1046 1002 licere,

353 1033 465 1089 Acceffit
476 1075 485 1101 ,
500 1038 636 1108 telumque
647 1039 700 1091 alta
710 1038 742 1091 ab
754 1035 841 1098 radice
852 1036 972 1091 revellit.

355 1133 416 1188 Olli
426 1134 552 1191 sublimes
563 1135 644 1189 armis
658 1174 667 1200 ,
683 1134 831 1205 animisque
839 1133 951 1200 refelli,

356 1228 1012 1304 llicgladiofidens,lricacer&arduushastd‚

302 1329 494 1388 790Adlistunt
504 1330 616 1395 contri,
631 1329 779 1409 certamine
784 1326 882 1381 Martis
891 1326 992 1383 anheli.

393 1429 530 1485 lunonem
540 1427 642 1483 interea
650 1428 712 1482 Rex
722 1424 918 1496 omnipotentis
929 1418 1040 1497 Olympi

357 1525 515 1595 Alloquitur
527 1563 536 1590 ‚
551 1526 626 1578 lrrlva
639 1541 742 1596 pugnas
753 1525 787 1578 de
797 1524 868 1576 nube
877 1536 1008 1578 tuentem.

358 1622 428 1689 Quae
436 1620 490 1687 iam
500 1619 562 1673 finis
573 1619 644 1686 erit,
660 1620 781 1687 coniux?
792 1619 857 1691 quid
866 1619 984 1691 denique
993 1615 1076 1676 relat?

359 1718 508 1789 Indigetem
516 1716 620 1771 AEnean
628 1716 679 1770 scis
689 1717 746 1786 ipsa
758 1717 784 1769 dc
792 1716 859 1769 scire
867 1716 961 1771 faterin

305 1824 355 1879 795
365 1815 465 1887 Deberi
475 1817 566 1880 coelo,
580 1813 694 1884 fatisque
703 1814 736 1866 ad
746 1812 826 1867 fidera
836 1814 908 1870 tolli.

363 1913 436 1981 Quid
444 1912 539 1968 struis?
549 1925 594 1967 aut
603 1909 655 1982 qui
668 1911 714 1980 spe
724 1909 818 1984 gelidis
828 1909 859 1963 in
866 1909 981 1964 nubibus
989 1908 1080 1965 heresi

357 2011 502 2066 ›Mortalin‘
514 2010 602 2064 decuit
610 2009 709 2064 violari
717 2011 829 2062 vulnere
838 2008 967 2063 Divum?

363 2109 417 2161 Aut
428 2108 537 2173 ensem(
547 2107 611 2176 quid
621 2105 694 2161 enim
703 2106 758 2159 line
766 2119 793 2159 tc
801 2105 914 2162 Iuturna
922 2107 1023 2158 valeret
1031 2105 1057 2174 l)

310 2274 312 2277 Ι
363 2205 490 2276 Ereptum
499 2204 573 2257 reddi
582 2205 677 2257 Turno
688 2243 696 2268 ‚
709 2203 736 2256 δι
744 2201 803 2256 vim
814 2201 931 2256 crescere
942 2200 1039 2256 vistis?

309 2303 363 2353 too
368 2300 467 2354 Define
475 2297 529 2367 ianr
538 2301 661 2365 tandem,
672 2296 846 2369 precibusque
855 2298 993 2352 inflectere
1002 2294 1092 2353 nostris?

364 2402 422 2454 Nec
432 2413 458 2453 te
466 2412 555 2451 tantus
564 2399 624 2451 edat
633 2397 740 2450 tacitam
750 2398 847 2459 dolor;
860 2396 888 2449 δι
896 2396 965 2450 milri
974 2414 1042 2450 cura

365 2502 441 2568 Saepe
451 2511 499 2550 tuo
510 2495 579 2549 dulci
588 2495 674 2549 tristes
684 2512 720 2548 ex
729 2511 776 2549 ore
785 2494 931 2549 recursent.
1031 2536 1034 2545 .

365 2595 486 2648 Ventum
497 2596 530 2647 ad
540 2595 692 2664 supremum
705 2592 753 2647 est.
761 2580 852 2647 Terris
862 2591 963 2662 agitare
971 2595 1019 2647 vel
1027 2589 1091 2647 undis

367 2692 500 2759 Troianos
510 2690 637 2762 potuisti,
651 2690 787 2744 infandum
797 2691 940 2743 accendere
949 2691 1065 2756 bellum,

312 2788 362 2855 θος
372 2792 530 2844 Deformare
543 2792 672 2854 domum,
688 2788 715 2841 δι
725 2787 799 2841 ludlu
808 2787 918 2841 miscere
928 2789 1090 2862 hymeneos.

367 2887 488 2941 Ulterius
500 2902 601 2941 tentare
609 2899 686 2940 veto.
697 2886 741 2939 Sic
750 2885 854 2954 Jupiter
862 2885 956 2940 orsus:

368 2984 414 3040 Sic
424 2986 484 3038 Dea
500 2983 624 3040 submisso
636 2981 728 3037 contri
741 2982 862 3036 Saturnia
873 2985 953 3036 vultu
964 3003 972 3038 ι

368 3083 419 3139 Ista
430 3082 537 3156 quidem
549 3082 613 3154 quia
624 3094 689 3137 nota
698 3080 765 3136 mihi
774 3095 819 3135 tua
828 3084 838 3146 ‚'
847 3095 943 3152 magne
954 3084 1092 3146 ,voluntat
