2700 3925
352 399 897 485 Subriummu.
961 430 1039 510 279

285 564 414 629 Virtute,
428 565 550 620 &sormi
559 565 696 636 ingentem
711 564 852 632 (mirabile
864 564 951 632 diua)
1038 599 1042 607 -

286 664 328 715 Ut
340 662 411 714 vidit
423 701 430 727 ,
447 664 536 731 primo
546 662 650 732 aspectu
660 661 816 731 stupefactus
828 661 948 722 inhaesrt3

284 760 320 811 Et
329 760 418 813 secum
427 760 514 812 Turni
526 761 599 813 casus
608 761 746 813 miseratus
755 761 883 823 acerbos,

276 853 345 923 'Qui
352 857 422 908 baud
431 856 514 923 parvi
526 856 571 925 spe
585 856 676 909 duetus
689 874 774 911 ovans
787 856 816 908 iu
824 855 921 926 proelia
931 868 1021 909 tantos

285 952 400 1006 Civiffet
411 968 502 1007 motus
514 953 636 1023 durisque
648 952 744 1007 arsiss'et
756 953 784 1005 in
796 952 886 1007 armis.

284 1052 357 1104 Tum
370 1050 438 1104 verb
450 1066 551 1104 aterno
560 1050 705 1120 junguntur
713 1051 814 1103 foedera
824 1066 896 1103 nexu

285 1148 425 1201 connubii
441 1149 576 1218 multique
591 1164 690 1201 canunt
700 1165 760 1201 cum
771 1150 847 1201 laude
858 1149 1014 1217 hymenaeos
1027 1165 1035 1200 τ

282 1245 392 1298 Dehinc
398 1247 503 1313 plausus
508 1246 680 1316 fremitusque
687 1248 769 1298 altum
775 1246 853 1314 super
859 1244 917 1297 aira
924 1244 1044 1298 mittunt·

282 1341 317 1393 Et
328 1343 417 1411 liuram
426 1358 524 1395 vocem
533 1359 581 1411 per
592 1343 664 1413 regia
676 1341 744 1394 rebia
753 1344 888 1395 volutant.

323 1439 358 1490 At
370 1437 452 1491 fidum
463 1437 564 1493 intereb
573 1438 671 1492 AEneas
681 1436 774 1490 affatur
783 1438 919 1501 Achaten,

284 1534 411 1598 Vadau&
417 1536 607 1589 Andromache
617 1535 751 1604 quondam
759 1535 817 1587 data
823 1548 941 1599 munera,
948 1531 1032 1587 vestes

282 1632 403 1684 lntextas
414 1631 571 1695 anteferat,
586 1632 627 1695 δι,
638 1633 711 1701 quod
722 1631 790 1700 sape
802 1631 917 1698 solebat,

283 1728 358 1781 Dum
370 1745 412 1781 res
424 1727 547 1793 Trojanae
559 1728 675 1794 stabant,
688 1729 849 1782 circumdare
858 1731 931 1782 collo

281 1826 432 1890 Auratum,
444 1825 556 1895 gemmis
568 1824 825 1894 circumseptumque
834 1822 954 1879 monile:

282 1923 412 1978 Praeterea
424 1939 549 1993 magnum
557 1937 657 1976 cratera
669 1922 698 1974 in
707 1921 803 1993 pignus
813 1920 932 1987 moth,

282 2023 372 2087 Quem
381 2020 500 2074 Priamus
510 2020 579 2090 patri
591 2021 712 2074 Anchisae
724 2022 870 2073 donaverat
881 2019 957 2074 olim.

283 2120 339 2169 Nec
346 2134 434 2181 mora,
447 2116 908 2186 jussasequenspulcherrimaportat
916 2117 1029 2171 Achates

282 2215 396 2266 Munera
408 2232 415 2267 ε
428 2229 491 2266 tunc
501 2213 576 2266 socer
588 2212 725 2282 ingentem
737 2225 836 2265 cratera
848 2213 957 2267 Latinus
1015 2265 1018 2271 .

281 2313 421 2366 Donatum
433 2309 504 2378 capit
515 2329 522 2362 τ
533 2323 560 2361 at
571 2307 672 2375 conjux
681 2308 792 2361 Lavinia
800 2308 901 2374 vestes,

280 2409 370 2476 Atque
380 2407 481 2459 monile
491 2408 600 2481 deceris:
614 2405 720 2475 placido
732 2406 826 2459 dehinc
837 2405 944 2475 pebiore
956 2405 1011 2458 sese

281 2507 458 2568 Demulcent‚
473 2502 607 2571 variisque
618 2503 724 2559 trahunt
734 2501 898 2555 sermonibus
909 2502 1000 2557 boras.

319 2603 352 2652 Et
364 2601 416 2667 jam
427 2602 500 2654 tarda
512 2601 603 2669 epulas
612 2599 739 2668 fugientis
750 2614 871 2668 tempora
879 2599 946 2656 lucis

279 2698 425 2751 Poscebant
435 2717 442 2750 z
455 2713 522 2749 mox
532 2697 613 2766 regali
623 2696 752 2748 convivia
761 2699 826 2750 luxu

279 2793 445 2855 Effundunt,
460 2793 579 2860 latosque
594 2795 645 2844 alta
661 2792 730 2844 intra
741 2792 807 2844 tebba
820 2807 934 2862 paratus.

280 2892 441 2943 Convenere
451 2904 545 2941 omnes
556 2926 564 2951 ,
576 2886 655 2939 strato
664 2887 825 2944 discumbere
835 2889 864 2941 in
875 2887 948 2943 ostro

280 2987 395 3041 Deliciis
408 2985 483 3052 juffi,
497 2986 523 3039 &
533 2985 641 3054 dapibus
651 2985 678 3038 se
691 2985 787 3044 inferre
798 2986 903 3040 futuris.

280 3088 336 3146 Dat
345 3085 463 3146 manibus
475 3081 610 3158 crystallus
623 3099 703 3156 aquas
714 3121 724 3151 2
737 3082 883 3157 uerusque
892 3097 1027 3159 reponunt
