2700 3925
380 432 469 546 264¹
602 426 905 509 MAPHAEI

375 588 446 640 Tum
455 587 520 639 vina
529 586 666 641 effundunt
677 589 774 657 pateris
786 627 793 651 ‚
810 590 837 641 &
848 591 919 642 dona
929 568 1003 659 Lpaei

374 686 548 739 Accumulant
559 705 567 738 t
579 685 666 755 plenis
678 700 837 738 venerantur
847 688 966 739 lancibus
977 701 1040 737 atas.

372 782 463 835 Thura
473 782 547 852 ignes
557 782 680 845 adolent,
690 795 799 834 onerata
809 782 904 834 altaria
912 784 1022 836 sumant.

392 882 463 934 Tum
470 881 574 950 plausus
581 878 1010 949 pettetlatnoventmagnumque
1017 879 1127 931 Tonantem

372 979 531 1042 Extollunt,
543 978 749 1047 Veneremque,
768 976 795 1028 &
804 991 831 1029 te
843 976 983 1041 ‚Saturnia
991 977 1005 1031 J
1007 992 1072 1038 uno,

371 1076 386 1129 J
389 1094 431 1127 am
440 1076 569 1144 placidam
581 1077 608 1127 δι
618 1076 758 1128 meliorem
768 1074 872 1144 ingenti
884 1077 961 1128 laude
972 1075 1086 1127 fatentutt

371 1174 579 1242 Mavortemque
589 1172 674 1241 ipsum
687 1191 694 1225 ι
705 1186 762 1223 tum
772 1188 859 1224 cetera
869 1174 944 1223 turba
956 1173 1068 1223 Deorum

371 1270 403 1320 In
414 1270 530 1323 medium
542 1269 649 1323 effertur
659 1310 667 1335 ‚
683 1268 792 1322 summis
802 1287 862 1323 curn
872 1269 987 1321 vocibus
996 1271 1057 1320 altos

373 1366 474 1419 Perlata
485 1369 518 1420 ad
527 1370 629 1421 coelos:
646 1381 706 1419 ante
716 1383 810 1419 omnes
822 1365 925 1437 gratior
935 1383 1003 1418 unus

371 1464 470 1516 AEneas
481 1465 599 1533 duplices
611 1464 732 1517 mittebat
741 1464 774 1515 ad
782 1463 879 1515 aethera
892 1465 1010 1530 palmas,

370 1558 403 1609 Et
414 1574 525 1625 puerum
534 1576 616 1625 pauca
626 1576 673 1612 ore
683 1560 758 1611 dabat
767 1560 925 1627 complexus
936 1560 1034 1611 lulum:

371 1657 439 1709 Nate
450 1697 457 1720 ‚
469 1655 499 1708 in
509 1660 563 1725 quo
574 1656 633 1725 spes
644 1674 698 1709 una
710 1656 791 1725 patris
803 1696 810 1720 ,
825 1672 875 1724 per
886 1672 962 1709 tanta
972 1656 1080 1708 laborum

372 1754 461 1819 Quem
470 1753 553 1806 variis
562 1753 703 1806 adlus'satis
715 1752 865 1805 discrimina
875 1752 955 1816 duxi,

371 1852 436 1903 Ecce
446 1852 556 1905 inventa
565 1846 640 1920 quies
651 1870 658 1904 :
668 1867 729 1903 ecce
739 1852 783 1903 illa
795 1864 915 1902 extrema
924 1851 1065 1910 malorum,
1106 1839 1108 1844 ’

370 1948 504 2001 AErumnis
512 1948 615 2002 -fatlura
626 1948 752 2009 modum,
765 1944 939 2014 acceptissima
953 1946 1066 2014 semper,

300 2077 305 2084 -
371 2046 459 2114 Atque
469 2059 559 2112 optata
568 2045 638 2108 dies,
651 2061 730 2114 quam
741 2044 804 2095 duta
814 2043 842 2094 in
852 2044 921 2095 bella
930 2044 1058 2104 vocatus,

372 2144 447 2211 Saepe
458 2141 507 2194 tibi
515 2144 566 2194 Dis
578 2141 725 2210 auspicibus
734 2133 881 2192 meminisse
892 2141 1008 2192 futuram

371 2242 385 2294 J
389 2259 431 2293 am
440 2239 564 2292 memini:
572 2252 674 2290 nuncte
684 2279 689 2299 ‚
700 2238 760 2289 clim
773 2236 889 2304 primum
899 2239 1004 2290 Aurora
1013 2230 1105 2288 rubebit

374 2338 489 2390 Crastina
501 2377 509 2401 ‚
525 2336 663 2389 sublimem
673 2335 834 2386 Rutulorum
844 2335 876 2384 ad
887 2334 990 2386 moenia
1002 2334 1103 2385 mittam.

372 2435 477 2487 Dehinc
486 2433 539 2486 sese
549 2434 580 2484 ad
589 2447 695 2501 gentem
704 2426 968 2494 iliacam'volveban
982 2432 1008 2483 δι
1020 2433 1072 2482 alto

370 2532 480 2584 Pectore
489 2531 569 2582 verba
578 2530 684 2580 trahens
694 2565 702 2590 ,
714 2527 809 2578 blando
821 2525 901 2578 est'fic
912 2544 961 2580 ore
970 2531 1084 2581 locutus:

408 2629 435 2681 Ο
448 2628 514 2682 socii
526 2629 664 2694 perdura,
677 2640 707 2676 ac
718 2623 796 2676 densa
806 2621 923 2691 pericula
935 2625 1021 2689 vetii,

371 2727 421 2778 Per
431 2740 519 2778 tantos
529 2727 660 2777 bellorum
671 2719 745 2772 aestus
756 2759 764 2783 ‚
778 2719 947 2788 duplicesque
959 2721 1060 2774 furores

370 2824 668 2888 Armorumpertotque
673 2817 794 2887 hyemes,
801 2832 848 2884 per
853 2815 981 2885 quicquid
986 2820 1105 2878 acerbum,

370 2915 876 2987 Horiendum,grave‚triste,ingens‚pet
883 2916 1127 2987 quicquidiniquumt

371 3014 530 3077 Infaustam,
544 3017 570 3066 &
580 3014 684 3066 crudele
694 3011 779 3075 soret,
792 3011 944 3064 convertite
955 3013 1072 3066 mentem

371 3116 403 3168 In
414 3111 509 3169 melius
521 3131 528 3165 z
539 3110 593 3179 jam
604 3110 666 3164 finis
679 3107 747 3164 adest
757 3107 817 3164 thie
829 3121 901 3162 meta
910 3111 1047 3165 malorum
