2700 3925
343 432 396 537 38
542 426 884 525 AEnnrnos

283 584 320 641 80
339 590 517 663 Remigioque
529 609 616 662 aptar3
628 593 717 647 socios
729 594 805 647 fimul
817 590 920 647 instruit
931 591 1022 648 armis.

339 690 405 743 Ecce
412 707 499 744 autem
506 692 620 745 subitum
626 708 705 761 atque
712 692 797 745 oculis
803 691 922 745 mirabile
929 690 1080 756 monstruni,

265 837 277 858 Ι,
339 786 457 842 Candida
465 805 513 858 per
521 790 625 860 sylvam
634 806 696 842 cum
706 790 776 844 foetu
784 793 914 844 concolor
925 792 986 843 albo

338 883 500 954 Procubuit,
511 887 645 957 viridique
657 887 687 940 in
695 887 786 942 littore
796 888 958 956 conspicitur
967 888 1021 942 sus.

339 983 429 1049 Quam
438 983 498 1053 pius
504 984 602 1038 AEneas
611 1024 618 1049 ‚
628 984 677 1038 tibi
690 964 777 1050 eninr,
789 986 856 1051 tibi,
869 986 987 1038 maxima
997 987 1012 1040 J
1014 1002 1080 1051 uno¹

284 1077 317 1146 85
339 1080 456 1145 Μαᾶετ,
469 1082 539 1134 sacra
547 1082 652 1145 ferens,
666 1083 693 1135 δι
704 1099 765 1136 cum
774 1099 853 1153 grege
865 1082 928 1135 fistit
937 1084 970 1135 ad
979 1100 1061 1137 aram.

340 1177 438 1248 Tybris
445 1178 475 1231 ea
482 1176 610 1243 fluvium,
621 1179 787 1249 quamlonga
793 1180 829 1233 est
836 1219 843 1244 ‚
851 1180 930 1233 noste
937 1196 1080 1235 tumentem

259 1330 260 1333 ,
337 1276 446 1337 Leniit3
460 1277 487 1329 &
498 1277 577 1331 tacita
589 1276 704 1331 refluens
714 1278 751 1331 ita
763 1278 874 1332 substitit
884 1277 970 1351 unde,

294 1409 296 1412 -
338 1374 417 1427 Mitis
428 1390 458 1428 ut
470 1375 499 1428 in
508 1392 611 1429 morem
620 1374 718 1445 stagni,
730 1376 890 1445 placidaeque
900 1375 1004 1443 paludis

339 1474 473 1527 Sterneret
484 1490 577 1543 aequor
587 1474 662 1543 aquis
673 1513 682 1538 ‚
695 1491 771 1527 remo
782 1489 812 1527 ut
824 1474 957 1528 ludamen
968 1471 1073 1531 abesset.

282 1578 319 1632 90
337 1572 409 1641 Ergo
417 1571 468 1624 iter
480 1572 629 1639 incoeptum
640 1574 757 1626 celerant
766 1590 874 1626 rumore
886 1572 1012 1625 secundo.

338 1668 446 1722 Labitur
454 1668 532 1722 unolz
543 1670 621 1724 vadis
632 1670 704 1724 abies
717 1690 724 1724 :
737 1671 866 1725 mirantur
881 1671 908 1723 ὅ(
919 1671 1016 1734 unde,

265 1821 276 1840 ,Ι
323 1809 327 1821 .
337 1763 452 1819 Miratur
461 1782 555 1819 nemus
566 1765 699 1819 insuetum
710 1768 837 1837 fulgentia
847 1766 929 1837 longe

337 1862 417 1915 Scuta
424 1861 514 1916 virssrn
525 1861 613 1918 fluvio
624 1842 759 1934 pinusque
771 1864 862 1916 innare
872 1862 984 1917 carinas.

338 1958 397 2013 Olli
402 1978 524 2032 remagro
535 1958 695 2030 uestemque
704 1962 827 2030 diemque
836 1960 946 2030 fatigant
956 1999 964 2024 ‚

280 2071 313 2125 95
335 2058 368 2110 Et
377 2061 475 2129 longos
487 2058 610 2127 superant
622 2055 725 2121 flexus,
738 2057 872 2126 variisque
884 2071 1011 2126 teguntur

337 2154 497 2220 Arboribus,
506 2154 657 2224 viridesque
664 2155 751 2207 secant
757 2154 861 2222 placido
868 2171 976 2222 aequore
982 2155 1080 2222 sylvas.

337 2255 384 2306 Sol
393 2253 510 2306 medium
520 2253 584 2305 coest
592 2252 779 2305 conscenderat
788 2251 881 2321 igneus
892 2252 1000 2314 orbem,

256 2336 259 2341 ¹
338 2350 407 2404 Ct'un
417 2368 523 2414 muros,
535 2366 674 2418 arcemque
684 2352 777 2418 procul
788 2390 796 2414 ‚
810 2350 836 2402 δι
847 2366 903 2402 rara
912 2350 1056 2402 domorum

337 2447 419 2503 Tenba
427 2449 534 2511 vident,
547 2464 606 2516 quae
615 2462 686 2499 nunc
694 2447 815 2498 Romana
824 2445 945 2513 potentia
954 2447 1027 2511 coelo

281 2561 334 2602 100
341 2545 468 2615 AEquavit
477 2563 486 2598 ε
495 2559 552 2596 turn
563 2561 605 2598 res
615 2543 711 2611 inopes
720 2544 858 2596 Evandrus
868 2544 989 2597 habebat.

339 2642 424 2697 Ocius
434 2643 574 2694 advertunt
585 2657 650 2709 pror
691 2677 705 2704 ,
716 2640 826 2710 urbique
835 2639 1027 2710 propinquant.

375 2738 455 2793 Forte
464 2738 506 2792 die
517 2657 713 2792 solennemfflo
723 2754 771 2791 rex
780 2739 860 2791 Arcas
869 2738 1002 2791 honorent

338 2838 585 2908 Arnph'rtryoniadae
596 2853 695 2905 magno
706 2833 838 2902 Divisque
849 2834 948 2887 ferebat

339 2937 409 2991 Ante
418 2936 510 2988 urbem
519 2933 549 2987 in
558 2937 630 2987 luco.
641 2933 725 2985 Pallae
734 2930 797 2984 huic
805 2929 877 2984 filius
886 2929 954 2995 unit,

261 3062 263 3067 ·
282 3051 330 3106 ¹05
345 3029 406 3085 Una
416 3048 509 3084 omnes
518 3029 647 3096 juvenum
657 3029 738 3099 primi
751 3068 758 3093 ‚
772 3045 923 3098 pauperque
933 3029 1055 3094 senatus,

340 3128 533 3193 Ibundabart
543 3167 551 3195 ‚
563 3128 719 3200 tepidusque
730 3145 808 3183 cruor
818 3127 933 3189 fumabat
942 3129 974 3182 ad
985 3146 1054 3185 aras.

241 3336 344 3484 N
