<?xml version="1.0" encoding="UTF-8"?>
<!DOCTYPE html PUBLIC "-//W3C//DTD XHTML 1.0 Transitional//EN"
    "http://www.w3.org/TR/xhtml1/DTD/xhtml1-transitional.dtd">
<html xmlns="http://www.w3.org/1999/xhtml" xml:lang="en" lang="en">
 <head>
  <title>
</title>
<meta http-equiv="Content-Type" content="text/html;charset=utf-8" />
  <meta name='ocr-system' content='tesseract 3.04.00' />
  <meta name='ocr-capabilities' content='ocr_page ocr_carea ocr_par ocr_line ocrx_word'/>
</head>
<body>
  <div class='ocr_page' id='page_1' title='image "./publiivirgiliim00vegigoog_0281.png"; bbox 0 0 2700 3925; ppageno 0'>
   <div class='ocr_carea' id='block_1_1' title="bbox 357 420 991 535">
    <p class='ocr_par' dir='ltr' id='par_1_1' title="bbox 357 420 991 535">
     <span class='ocr_line' id='line_1_1' title="bbox 357 420 991 535; baseline 0.003 -31"><span class='ocrx_word' id='word_1_1' title='bbox 357 428 438 535; x_wconf 82' lang='lat'>256</span> <span class='ocrx_word' id='word_1_2' title='bbox 473 421 643 507; x_wconf 75' lang='lat' dir='ltr'>Tusr.</span> <span class='ocrx_word' id='word_1_3' title='bbox 681 420 991 506; x_wconf 72' lang='lat' dir='ltr'>Varenum</span> 
     </span>
    </p>
   </div>
   <div class='ocr_carea' id='block_1_2' title="bbox 306 584 1101 3202">
    <p class='ocr_par' dir='ltr' id='par_1_2' title="bbox 504 584 961 670">
     <span class='ocr_line' id='line_1_2' title="bbox 504 584 961 670; baseline 0 -20"><span class='ocrx_word' id='word_1_4' title='bbox 504 584 706 664; x_wconf 71' lang='lat' dir='ltr'><strong>SENECA,</strong></span> <span class='ocrx_word' id='word_1_5' title='bbox 727 591 858 651; x_wconf 79' lang='lat' dir='ltr'>Controv.</span> <span class='ocrx_word' id='word_1_6' title='bbox 881 592 903 651; x_wconf 90' lang='lat' dir='ltr'>l.</span> <span class='ocrx_word' id='word_1_7' title='bbox 930 606 961 670; x_wconf 80' lang='lat'>3.</span> 
     </span>
    </p>

    <p class='ocr_par' dir='ltr' id='par_1_3' title="bbox 354 690 1090 941">
     <span class='ocr_line' id='line_1_3' title="bbox 390 690 1090 765; baseline 0 -23"><span class='ocrx_word' id='word_1_8' title='bbox 390 690 537 762; x_wconf 84' lang='lat' dir='ltr'>Virgilium</span> <span class='ocrx_word' id='word_1_9' title='bbox 548 694 593 746; x_wconf 89' lang='lat' dir='ltr'>illa</span> <span class='ocrx_word' id='word_1_10' title='bbox 600 696 715 748; x_wconf 72' lang='lat' dir='ltr'>felicitas</span> <span class='ocrx_word' id='word_1_11' title='bbox 727 695 830 765; x_wconf 90' lang='lat' dir='ltr'>ingenii</span> <span class='ocrx_word' id='word_1_12' title='bbox 841 696 872 747; x_wconf 88' lang='lat' dir='ltr'>in</span> <span class='ocrx_word' id='word_1_13' title='bbox 884 695 1008 748; x_wconf 86' lang='lat' dir='ltr'>oratione</span> <span class='ocrx_word' id='word_1_14' title='bbox 1019 693 1090 746; x_wconf 78' lang='lat' dir='ltr'>soluta</span> 
     </span>
     <span class='ocr_line' id='line_1_4' title="bbox 354 788 1087 861; baseline 0.005 -21"><span class='ocrx_word' id='word_1_15' title='bbox 354 788 464 859; x_wconf 90' lang='lat' dir='ltr'>reliquit</span> <span class='ocrx_word' id='word_1_16' title='bbox 477 810 484 843; x_wconf 78' lang='lat' dir='ltr'><strong><em>z</em></strong></span> <span class='ocrx_word' id='word_1_17' title='bbox 504 790 663 845; x_wconf 86' lang='lat' dir='ltr'>Ciceronem</span> <span class='ocrx_word' id='word_1_18' title='bbox 678 792 835 861; x_wconf 78' lang='lat' dir='ltr'>eloquentia</span> <span class='ocrx_word' id='word_1_19' title='bbox 845 793 893 845; x_wconf 86' lang='lat' dir='ltr'>sua</span> <span class='ocrx_word' id='word_1_20' title='bbox 904 792 934 845; x_wconf 92' lang='lat' dir='ltr'>in</span> <span class='ocrx_word' id='word_1_21' title='bbox 946 789 1087 859; x_wconf 74' lang='lat' dir='ltr'>carminibus</span> 
     </span>
     <span class='ocr_line' id='line_1_5' title="bbox 355 886 884 941; baseline 0.004 -2"><span class='ocrx_word' id='word_1_22' title='bbox 355 886 480 941; x_wconf 85' lang='lat' dir='ltr'>destituit.</span> <span class='ocrx_word' id='word_1_23' title='bbox 881 938 884 941; x_wconf 80' lang='grc'>,</span> 
     </span>
    </p>

    <p class='ocr_par' dir='ltr' id='par_1_4' title="bbox 485 957 1003 1043">
     <span class='ocr_line' id='line_1_6' title="bbox 485 957 1003 1043; baseline 0.006 -24"><span class='ocrx_word' id='word_1_24' title='bbox 485 957 845 1043; x_wconf 76' lang='lat' dir='ltr'>Pnrurus‚Hifl.l.</span> <span class='ocrx_word' id='word_1_25' title='bbox 863 982 894 1041; x_wconf 87' lang='lat'>7.</span> <span class='ocrx_word' id='word_1_26' title='bbox 911 984 938 1025; x_wconf 80' lang='lat' dir='ltr'>c.</span> <span class='ocrx_word' id='word_1_27' title='bbox 955 980 1003 1042; x_wconf 84' lang='lat'>30.</span> 
     </span>
    </p>

    <p class='ocr_par' dir='ltr' id='par_1_5' title="bbox 356 1064 1086 1428">
     <span class='ocr_line' id='line_1_7' title="bbox 392 1064 1086 1138; baseline -0.004 -20"><span class='ocrx_word' id='word_1_28' title='bbox 392 1067 430 1137; x_wconf 80' lang='lat' dir='ltr'>D.</span> <span class='ocrx_word' id='word_1_29' title='bbox 440 1066 569 1137; x_wconf 78' lang='lat' dir='ltr'>Augustus</span> <span class='ocrx_word' id='word_1_30' title='bbox 579 1067 695 1120; x_wconf 88' lang='lat' dir='ltr'>carmina</span> <span class='ocrx_word' id='word_1_31' title='bbox 701 1067 814 1138; x_wconf 80' lang='lat' dir='ltr'>Virgilii</span> <span class='ocrx_word' id='word_1_32' title='bbox 825 1068 940 1121; x_wconf 87' lang='lat' dir='ltr'>cremati</span> <span class='ocrx_word' id='word_1_33' title='bbox 950 1082 1036 1122; x_wconf 87' lang='lat' dir='ltr'>contra</span> <span class='ocrx_word' id='word_1_34' title='bbox 1046 1064 1086 1116; x_wconf 83' lang='lat' dir='ltr'>tes·</span> 
     </span>
     <span class='ocr_line' id='line_1_8' title="bbox 356 1160 1083 1233; baseline -0.008 -18"><span class='ocrx_word' id='word_1_35' title='bbox 356 1164 467 1215; x_wconf 90' lang='lat' dir='ltr'>tamenti</span> <span class='ocrx_word' id='word_1_36' title='bbox 485 1163 541 1230; x_wconf 84' lang='lat' dir='ltr'>ejus</span> <span class='ocrx_word' id='word_1_37' title='bbox 563 1164 751 1218; x_wconf 87' lang='lat' dir='ltr'>verecundiam</span> <span class='ocrx_word' id='word_1_38' title='bbox 773 1164 888 1218; x_wconf 87' lang='lat' dir='ltr'>vetuit:</span> <span class='ocrx_word' id='word_1_39' title='bbox 908 1163 1040 1233; x_wconf 84' lang='lat' dir='ltr'>majusque</span> <span class='ocrx_word' id='word_1_40' title='bbox 1056 1160 1083 1211; x_wconf 88' lang='lat' dir='ltr'>ita</span> 
     </span>
     <span class='ocr_line' id='line_1_9' title="bbox 357 1260 1083 1332; baseline -0.004 -18"><span class='ocrx_word' id='word_1_41' title='bbox 357 1261 423 1314; x_wconf 88' lang='lat' dir='ltr'>Vati</span> <span class='ocrx_word' id='word_1_42' title='bbox 435 1261 615 1315; x_wconf 84' lang='lat' dir='ltr'>testimonium</span> <span class='ocrx_word' id='word_1_43' title='bbox 630 1262 765 1331; x_wconf 90' lang='lat' dir='ltr'>contigit,</span> <span class='ocrx_word' id='word_1_44' title='bbox 782 1260 864 1331; x_wconf 80' lang='lat' dir='ltr'>quim</span> <span class='ocrx_word' id='word_1_45' title='bbox 881 1262 901 1314; x_wconf 84' lang='lat' dir='ltr'>fi</span> <span class='ocrx_word' id='word_1_46' title='bbox 919 1261 976 1332; x_wconf 89' lang='lat' dir='ltr'>ipse</span> <span class='ocrx_word' id='word_1_47' title='bbox 992 1262 1032 1314; x_wconf 89' lang='lat' dir='ltr'>sua</span> <span class='ocrx_word' id='word_1_48' title='bbox 1041 1274 1083 1311; x_wconf 84' lang='lat' dir='ltr'>car·</span> 
     </span>
     <span class='ocr_line' id='line_1_10' title="bbox 358 1354 870 1428; baseline 0.006 -19"><span class='ocrx_word' id='word_1_49' title='bbox 358 1356 431 1411; x_wconf 84' lang='lat' dir='ltr'>mina</span> <span class='ocrx_word' id='word_1_50' title='bbox 440 1357 611 1428; x_wconf 84' lang='lat' dir='ltr'>probaviffet.</span> <span class='ocrx_word' id='word_1_51' title='bbox 867 1354 870 1359; x_wconf 68' lang='grc'><strong>’</strong></span> 
     </span>
    </p>

    <p class='ocr_par' dir='ltr' id='par_1_6' title="bbox 487 1452 985 1534">
     <span class='ocr_line' id='line_1_11' title="bbox 487 1452 985 1534; baseline 0 -21"><span class='ocrx_word' id='word_1_52' title='bbox 487 1452 800 1534; x_wconf 77' lang='lat' dir='ltr'>Pc1u1us,-Epist.</span> <span class='ocrx_word' id='word_1_53' title='bbox 819 1472 868 1513; x_wconf 89' lang='lat'>21.</span> <span class='ocrx_word' id='word_1_54' title='bbox 889 1453 940 1514; x_wconf 84' lang='lat' dir='ltr'>lib.</span> <span class='ocrx_word' id='word_1_55' title='bbox 957 1471 985 1533; x_wconf 75' lang='lat'>3.</span> 
     </span>
    </p>

    <p class='ocr_par' dir='ltr' id='par_1_7' title="bbox 355 1552 1087 1917">
     <span class='ocr_line' id='line_1_12' title="bbox 394 1552 1083 1628; baseline -0.004 -19"><span class='ocrx_word' id='word_1_56' title='bbox 394 1556 507 1626; x_wconf 86' lang='lat' dir='ltr'>Virgilii</span> <span class='ocrx_word' id='word_1_57' title='bbox 517 1573 577 1610; x_wconf 89' lang='lat' dir='ltr'>ante</span> <span class='ocrx_word' id='word_1_58' title='bbox 590 1576 686 1611; x_wconf 85' lang='lat' dir='ltr'>omnes</span> <span class='ocrx_word' id='word_1_59' title='bbox 700 1558 872 1628; x_wconf 84' lang='lat' dir='ltr'>(imaginem</span> <span class='ocrx_word' id='word_1_60' title='bbox 878 1558 1043 1610; x_wconf 82' lang='lat' dir='ltr'>venerabatur</span> <span class='ocrx_word' id='word_1_61' title='bbox 1051 1552 1083 1605; x_wconf 90' lang='lat' dir='ltr'>Si-</span> 
     </span>
     <span class='ocr_line' id='line_1_13' title="bbox 356 1651 1085 1726; baseline -0.005 -21"><span class='ocrx_word' id='word_1_62' title='bbox 356 1651 428 1721; x_wconf 83' lang='lat' dir='ltr'>lius)</span> <span class='ocrx_word' id='word_1_63' title='bbox 441 1652 514 1720; x_wconf 82' lang='lat' dir='ltr'>cujus</span> <span class='ocrx_word' id='word_1_64' title='bbox 527 1656 641 1706; x_wconf 86' lang='lat' dir='ltr'>natalem</span> <span class='ocrx_word' id='word_1_65' title='bbox 653 1655 802 1726; x_wconf 82' lang='lat' dir='ltr'>religiofius</span> <span class='ocrx_word' id='word_1_66' title='bbox 812 1652 893 1725; x_wconf 75' lang='lat' dir='ltr'>quim</span> <span class='ocrx_word' id='word_1_67' title='bbox 902 1653 980 1708; x_wconf 88' lang='lat' dir='ltr'>suum</span> <span class='ocrx_word' id='word_1_68' title='bbox 989 1653 1085 1708; x_wconf 85' lang='lat' dir='ltr'>celebra·</span> 
     </span>
     <span class='ocr_line' id='line_1_14' title="bbox 355 1733 1087 1821; baseline -0.007 -18"><span class='ocrx_word' id='word_1_69' title='bbox 355 1733 418 1805; x_wconf 68' lang='lat' dir='ltr'>bat:</span> <span class='ocrx_word' id='word_1_70' title='bbox 430 1751 545 1821; x_wconf 86' lang='lat' dir='ltr'>Neapoli</span> <span class='ocrx_word' id='word_1_71' title='bbox 555 1750 672 1805; x_wconf 75' lang='lat' dir='ltr'>maxime</span> <span class='ocrx_word' id='word_1_72' title='bbox 681 1751 740 1816; x_wconf 90' lang='lat' dir='ltr'>,ubi</span> <span class='ocrx_word' id='word_1_73' title='bbox 751 1766 959 1805; x_wconf 85' lang='lat' dir='ltr'>monumentum</span> <span class='ocrx_word' id='word_1_74' title='bbox 968 1750 1022 1818; x_wconf 75' lang='lat' dir='ltr'>eius</span> <span class='ocrx_word' id='word_1_75' title='bbox 1031 1747 1087 1802; x_wconf 85' lang='lat' dir='ltr'>adire</span> 
     </span>
     <span class='ocr_line' id='line_1_15' title="bbox 357 1850 742 1917; baseline 0.013 -18"><span class='ocrx_word' id='word_1_76' title='bbox 357 1864 387 1900; x_wconf 92' lang='lat' dir='ltr'>ut</span> <span class='ocrx_word' id='word_1_77' title='bbox 398 1852 528 1917; x_wconf 86' lang='lat' dir='ltr'>templum</span> <span class='ocrx_word' id='word_1_78' title='bbox 540 1850 646 1902; x_wconf 84' lang='lat' dir='ltr'>solebat.</span> <span class='ocrx_word' id='word_1_79' title='bbox 740 1900 742 1904; x_wconf 85' lang='lat'><em>.</em></span> 
     </span>
    </p>

    <p class='ocr_par' dir='ltr' id='par_1_8' title="bbox 468 1942 994 2026">
     <span class='ocr_line' id='line_1_16' title="bbox 468 1942 994 2026; baseline -0.002 -21"><span class='ocrx_word' id='word_1_80' title='bbox 468 1942 560 2006; x_wconf 78' lang='lat' dir='ltr'>Tne</span> <span class='ocrx_word' id='word_1_81' title='bbox 574 1963 674 2007; x_wconf 73' lang='lat' dir='ltr'>Irus</span> <span class='ocrx_word' id='word_1_82' title='bbox 687 1989 697 2016; x_wconf 84' lang='lat'>,</span> <span class='ocrx_word' id='word_1_83' title='bbox 715 1944 839 2026; x_wconf 84' lang='lat' dir='ltr'>Dialogo</span> <span class='ocrx_word' id='word_1_84' title='bbox 858 1946 892 2004; x_wconf 82' lang='lat' dir='ltr'>de</span> <span class='ocrx_word' id='word_1_85' title='bbox 914 1948 994 2008; x_wconf 84' lang='lat' dir='ltr'>Orat.</span> 
     </span>
    </p>

    <p class='ocr_par' dir='ltr' id='par_1_9' title="bbox 306 2031 1094 2706">
     <span class='ocr_line' id='line_1_17' title="bbox 394 2031 1092 2122; baseline -0.001 -21"><span class='ocrx_word' id='word_1_86' title='bbox 394 2050 470 2102; x_wconf 90' lang='lat' dir='ltr'>Malo</span> <span class='ocrx_word' id='word_1_87' title='bbox 483 2031 602 2120; x_wconf 73' lang='lat' dir='ltr'>securum</span> <span class='ocrx_word' id='word_1_88' title='bbox 616 2052 642 2103; x_wconf 87' lang='lat'>&amp;</span> <span class='ocrx_word' id='word_1_89' title='bbox 653 2051 781 2103; x_wconf 84' lang='lat' dir='ltr'>secremm</span> <span class='ocrx_word' id='word_1_90' title='bbox 793 2050 906 2122; x_wconf 89' lang='lat' dir='ltr'>Virgilii</span> <span class='ocrx_word' id='word_1_91' title='bbox 919 2049 1040 2105; x_wconf 78' lang='lat' dir='ltr'>secelium</span> <span class='ocrx_word' id='word_1_92' title='bbox 1052 2070 1057 2103; x_wconf 96' lang='lat'><strong>:</strong></span> <span class='ocrx_word' id='word_1_93' title='bbox 1070 2049 1092 2101; x_wconf 92' lang='lat' dir='ltr'>in</span> 
     </span>
     <span class='ocr_line' id='line_1_18' title="bbox 359 2147 1093 2220; baseline 0 -22"><span class='ocrx_word' id='word_1_94' title='bbox 359 2163 414 2216; x_wconf 89' lang='lat' dir='ltr'>quo</span> <span class='ocrx_word' id='word_1_95' title='bbox 425 2159 528 2213; x_wconf 82' lang='lat' dir='ltr'>tamen,</span> <span class='ocrx_word' id='word_1_96' title='bbox 541 2166 626 2219; x_wconf 86' lang='lat' dir='ltr'>neque</span> <span class='ocrx_word' id='word_1_97' title='bbox 637 2151 708 2218; x_wconf 88' lang='lat' dir='ltr'>apud</span> <span class='ocrx_word' id='word_1_98' title='bbox 714 2150 750 2200; x_wconf 88' lang='lat' dir='ltr'>D.</span> <span class='ocrx_word' id='word_1_99' title='bbox 762 2147 908 2218; x_wconf 68' lang='lat' dir='ltr'>Augustum</span> <span class='ocrx_word' id='word_1_100' title='bbox 918 2149 1001 2220; x_wconf 87' lang='lat' dir='ltr'>gratia</span> <span class='ocrx_word' id='word_1_101' title='bbox 1011 2147 1093 2210; x_wconf 86' lang='lat' dir='ltr'>caruit,</span> 
     </span>
     <span class='ocr_line' id='line_1_19' title="bbox 306 2235 1094 2315; baseline -0.001 -18"><span class='ocrx_word' id='word_1_102' title='bbox 306 2235 309 2238; x_wconf 15' lang='grc' dir='ltr'><em>Α</em></span> <span class='ocrx_word' id='word_1_103' title='bbox 358 2262 445 2314; x_wconf 88' lang='lat' dir='ltr'>neque</span> <span class='ocrx_word' id='word_1_104' title='bbox 455 2249 523 2314; x_wconf 92' lang='lat' dir='ltr'>apud</span> <span class='ocrx_word' id='word_1_105' title='bbox 533 2249 663 2315; x_wconf 90' lang='lat' dir='ltr'>populum</span> <span class='ocrx_word' id='word_1_106' title='bbox 674 2247 826 2299; x_wconf 85' lang='lat' dir='ltr'>Romanum</span> <span class='ocrx_word' id='word_1_107' title='bbox 836 2245 945 2300; x_wconf 87' lang='lat' dir='ltr'>notitia.</span> <span class='ocrx_word' id='word_1_108' title='bbox 952 2236 1094 2300; x_wconf 76' lang='lat' dir='ltr'>Teliesriu-</span> 
     </span>
     <span class='ocr_line' id='line_1_20' title="bbox 358 2342 1094 2414; baseline -0.003 -19"><span class='ocrx_word' id='word_1_109' title='bbox 358 2343 425 2414; x_wconf 91' lang='lat' dir='ltr'>gusti</span> <span class='ocrx_word' id='word_1_110' title='bbox 439 2343 555 2413; x_wconf 85' lang='lat' dir='ltr'>epistolae</span> <span class='ocrx_word' id='word_1_111' title='bbox 567 2349 573 2396; x_wconf 85' lang='lat'>:¹</span> <span class='ocrx_word' id='word_1_112' title='bbox 587 2344 657 2397; x_wconf 87' lang='lat' dir='ltr'>restis</span> <span class='ocrx_word' id='word_1_113' title='bbox 674 2345 729 2414; x_wconf 91' lang='lat' dir='ltr'>ipse</span> <span class='ocrx_word' id='word_1_114' title='bbox 746 2345 881 2412; x_wconf 86' lang='lat' dir='ltr'>populus·‚</span> <span class='ocrx_word' id='word_1_115' title='bbox 899 2343 1056 2414; x_wconf 73' lang='lat' dir='ltr'>qui&#39;auditis</span> <span class='ocrx_word' id='word_1_116' title='bbox 1071 2342 1094 2393; x_wconf 89' lang='lat' dir='ltr'>in</span> 
     </span>
     <span class='ocr_line' id='line_1_21' title="bbox 359 2440 1094 2512; baseline -0.003 -18"><span class='ocrx_word' id='word_1_117' title='bbox 359 2444 468 2495; x_wconf 85' lang='lat' dir='ltr'>theatro.</span> <span class='ocrx_word' id='word_1_118' title='bbox 482 2443 599 2495; x_wconf 84' lang='lat' dir='ltr'>verfibus</span> <span class='ocrx_word' id='word_1_119' title='bbox 622 2440 734 2512; x_wconf 89' lang='lat' dir='ltr'>Virgilii</span> <span class='ocrx_word' id='word_1_120' title='bbox 754 2440 868 2494; x_wconf 86' lang='lat' dir='ltr'>surrexit</span> <span class='ocrx_word' id='word_1_121' title='bbox 887 2442 1052 2506; x_wconf 84' lang='lat' dir='ltr'>universus,</span> <span class='ocrx_word' id='word_1_122' title='bbox 1073 2441 1094 2492; x_wconf 72' lang='grc' dir='ltr'>ἃ</span> 
     </span>
     <span class='ocr_line' id='line_1_22' title="bbox 359 2536 1093 2610; baseline -0.004 -18"><span class='ocrx_word' id='word_1_123' title='bbox 359 2539 429 2593; x_wconf 76' lang='lat' dir='ltr'>forte</span> <span class='ocrx_word' id='word_1_124' title='bbox 439 2541 593 2608; x_wconf 81' lang='lat' dir='ltr'>praesentem</span> <span class='ocrx_word' id='word_1_125' title='bbox 605 2539 819 2608; x_wconf 62' lang='lat' dir='ltr'>speilantemque</span> <span class='ocrx_word' id='word_1_126' title='bbox 830 2536 981 2610; x_wconf 88' lang='lat' dir='ltr'>Virgilium</span> <span class='ocrx_word' id='word_1_127' title='bbox 991 2553 1093 2593; x_wconf 84' lang='lat' dir='ltr'>venera-</span> 
     </span>
     <span class='ocr_line' id='line_1_23' title="bbox 360 2636 741 2706; baseline 0.003 -18"><span class='ocrx_word' id='word_1_128' title='bbox 360 2651 402 2690; x_wconf 81' lang='lat' dir='ltr'>tus</span> <span class='ocrx_word' id='word_1_129' title='bbox 412 2637 448 2690; x_wconf 86' lang='lat' dir='ltr'>est</span> <span class='ocrx_word' id='word_1_130' title='bbox 459 2638 493 2690; x_wconf 87' lang='lat' dir='ltr'>fic</span> <span class='ocrx_word' id='word_1_131' title='bbox 505 2637 575 2706; x_wconf 80' lang='lat' dir='ltr'>quast</span> <span class='ocrx_word' id='word_1_132' title='bbox 586 2636 741 2706; x_wconf 83' lang='lat' dir='ltr'>Augustum.</span> 
     </span>
    </p>

    <p class='ocr_par' dir='ltr' id='par_1_10' title="bbox 474 2731 997 2811">
     <span class='ocr_line' id='line_1_24' title="bbox 474 2731 997 2811; baseline -0.011 -17"><span class='ocrx_word' id='word_1_133' title='bbox 474 2731 997 2811; x_wconf 67' lang='lat' dir='ltr'>Q·urnrrr.1nuus,lib.ro.⁴</span> 
     </span>
    </p>

    <p class='ocr_par' dir='ltr' id='par_1_11' title="bbox 359 2836 1101 3202">
     <span class='ocr_line' id='line_1_25' title="bbox 395 2836 1101 2906; baseline 0.003 -16"><span class='ocrx_word' id='word_1_134' title='bbox 395 2841 462 2890; x_wconf 89' lang='lat' dir='ltr'>Utar</span> <span class='ocrx_word' id='word_1_135' title='bbox 473 2840 562 2901; x_wconf 85' lang='lat' dir='ltr'>verbis</span> <span class='ocrx_word' id='word_1_136' title='bbox 574 2838 666 2890; x_wconf 88' lang='lat' dir='ltr'>iisdem</span> <span class='ocrx_word' id='word_1_137' title='bbox 680 2877 687 2901; x_wconf 88' lang='lat'><strong>‚</strong></span> <span class='ocrx_word' id='word_1_138' title='bbox 705 2855 763 2906; x_wconf 82' lang='lat' dir='ltr'>quae</span> <span class='ocrx_word' id='word_1_139' title='bbox 773 2837 804 2889; x_wconf 90' lang='lat' dir='ltr'>ab</span> <span class='ocrx_word' id='word_1_140' title='bbox 813 2836 878 2888; x_wconf 73' lang='lat' dir='ltr'>Afro</span> <span class='ocrx_word' id='word_1_141' title='bbox 891 2836 1020 2891; x_wconf 87' lang='lat' dir='ltr'>Domitio</span> <span class='ocrx_word' id='word_1_142' title='bbox 1030 2837 1101 2905; x_wconf 70' lang='lat' dir='ltr'>j&#39;uve..</span> 
     </span>
     <span class='ocr_line' id='line_1_26' title="bbox 359 2932 1099 3007; baseline 0.004 -21"><span class='ocrx_word' id='word_1_143' title='bbox 359 2934 402 2987; x_wconf 84' lang='lat' dir='ltr'>nis</span> <span class='ocrx_word' id='word_1_144' title='bbox 417 2936 523 3003; x_wconf 87' lang='lat' dir='ltr'>accepi,</span> <span class='ocrx_word' id='word_1_145' title='bbox 536 2937 582 3007; x_wconf 92' lang='lat' dir='ltr'>qui</span> <span class='ocrx_word' id='word_1_146' title='bbox 598 2936 664 2988; x_wconf 89' lang='lat' dir='ltr'>mihi</span> <span class='ocrx_word' id='word_1_147' title='bbox 677 2932 851 3005; x_wconf 85' lang='lat' dir='ltr'>interroganti</span> <span class='ocrx_word' id='word_1_148' title='bbox 864 2972 871 2997; x_wconf 90' lang='lat'>‚</span> <span class='ocrx_word' id='word_1_149' title='bbox 889 2951 972 3002; x_wconf 87' lang='lat' dir='ltr'>quem</span> <span class='ocrx_word' id='word_1_150' title='bbox 985 2937 1099 2990; x_wconf 87' lang='lat' dir='ltr'>Homero</span> 
     </span>
     <span class='ocr_line' id='line_1_27' title="bbox 359 3031 1101 3102; baseline 0.003 -18"><span class='ocrx_word' id='word_1_151' title='bbox 359 3033 473 3084; x_wconf 81' lang='lat' dir='ltr'>erederet</span> <span class='ocrx_word' id='word_1_152' title='bbox 486 3033 601 3086; x_wconf 73' lang='lat' dir='ltr'>maxime</span> <span class='ocrx_word' id='word_1_153' title='bbox 617 3034 757 3086; x_wconf 87' lang='lat' dir='ltr'>accedere:</span> <span class='ocrx_word' id='word_1_154' title='bbox 771 3031 917 3094; x_wconf 86' lang='lat' dir='ltr'>secundus,</span> <span class='ocrx_word' id='word_1_155' title='bbox 937 3031 1028 3102; x_wconf 91' lang='lat' dir='ltr'>inquit</span> <span class='ocrx_word' id='word_1_156' title='bbox 1041 3076 1048 3100; x_wconf 91' lang='lat'>‚</span> <span class='ocrx_word' id='word_1_157' title='bbox 1068 3033 1101 3088; x_wconf 82' lang='lat' dir='ltr'>eli</span> 
     </span>
     <span class='ocr_line' id='line_1_28' title="bbox 359 3125 1032 3202; baseline 0.003 -19"><span class='ocrx_word' id='word_1_158' title='bbox 359 3129 489 3202; x_wconf 77' lang='lat' dir='ltr'>Virgilius</span> <span class='ocrx_word' id='word_1_159' title='bbox 502 3150 507 3182; x_wconf 92' lang='lat'>:</span> <span class='ocrx_word' id='word_1_160' title='bbox 520 3129 631 3199; x_wconf 79' lang='lat' dir='ltr'>propior</span> <span class='ocrx_word' id='word_1_161' title='bbox 643 3145 732 3182; x_wconf 84' lang='lat' dir='ltr'>tamen</span> <span class='ocrx_word' id='word_1_162' title='bbox 744 3127 832 3199; x_wconf 87' lang='lat' dir='ltr'>primo</span> <span class='ocrx_word' id='word_1_163' title='bbox 844 3125 924 3198; x_wconf 70' lang='lat' dir='ltr'>quim</span> <span class='ocrx_word' id='word_1_164' title='bbox 938 3130 1032 3185; x_wconf 87' lang='lat' dir='ltr'>tertio.</span> 
     </span>
    </p>
   </div>
   <div class='ocr_carea' id='block_1_3' title="bbox 0 0 1365 3925">
    <p class='ocr_par' dir='ltr' id='par_1_12' title="bbox 0 0 1365 3925">
     <span class='ocr_line' id='line_1_29' title="bbox 0 0 1365 3925; baseline 0 0"><span class='ocrx_word' id='word_1_165' title='bbox 0 0 1365 3925; x_wconf 95' lang='lat' dir='ltr'> </span> 
     </span>
    </p>
   </div>
  </div>
 </body>
</html>
