2700 3925
436 413 698 494 Ctnis.
866 433 940 514 243

267 591 361 631 motus
373 578 453 629 talem
464 578 497 629 ad
508 576 625 645 Superos
634 572 751 627 volitare
763 570 898 640 puellam,

266 720 267 725 ,
278 689 357 744 pater
366 673 508 727 exstinCius
518 690 586 727 caca
597 673 643 726 sub
655 669 734 724 nuile
742 670 854 732 lateret,

268 790 302 825 ro
315 772 414 841 pietate
427 771 472 824 sua
482 769 494 839 (
503 788 565 825 nam
574 771 643 839 saepe
653 766 756 839 tepenti

265 869 335 935 ,uine
347 884 484 923 taurosum
495 870 608 938 supplex
619 866 777 936 resperserat
787 880 845 916 aras
856 901 865 926 ‚

265 966 376 1021 eDeiim
384 969 459 1036 largo
469 966 604 1019 decorarat
613 980 723 1030 munere¹
736 962 831 1031 sedes)
956 970 1002 1025 μς

266 1063 326 1117 lidit
335 1078 454 1131 optatam
463 1078 566 1116 mutato
576 1059 803 1131 corporeum,

266 1176 273 1213 t
286 1160 314 1213 δι
326 1158 443 1213 interris
455 1160 603 1213 Haliaeetus
614 1161 669 1213 ales
679 1172 709 1211 ut
718 1157 792 1213 esset.

266 1275 312 1328 >pe
321 1258 418 1327 a'quilis
428 1258 531 1327 semper
542 1259 637 1329 gaudet
647 1258 724 1310 Deus
736 1256 781 1309 ilie
791 1257 924 1311 coruscus.

266 1353 351 1408 :verb
363 1354 479 1419 misera,
492 1355 620 1425 quoniam
631 1355 753 1405 damnata
764 1356 887 1408 Deorum

265 1452 311 1506 cio
323 1452 448 1523 gnatique
459 1453 486 1506 &
495 1451 618 1523 conjugis
627 1465 689 1504 ante
698 1449 800 1515 suisset,

266 1549 291 1601 ii
303 1548 479 1625 apposuitque
491 1549 583 1602 odium
592 1548 697 1614 crudele
707 1548 834 1619 parentis.

266 1663 326 1716 ique
334 1660 364 1697 ut
373 1640 403 1697 in
413 1644 524 1699 aetherio
533 1645 668 1715 signorum
678 1662 787 1699 munere
799 1645 940 1716 praestans.

267 1761 296 1798 m
305 1759 386 1813 quem
397 1742 496 1813 duplici
506 1741 638 1795 stellarum
646 1742 728 1796 fidere
737 1743 813 1808 vidi,

266 1841 331 1912 pius
343 1840 451 1894 alternis
462 1843 562 1893 clarum
570 1838 639 1909 sugit
648 1838 771 1892 Oriona:
877 1889 880 1898 ,

266 1954 331 1995 nter
341 1938 394 1993 sese
404 1938 483 1993 tristis
494 1936 638 1991 Haliaeetus
647 1935 715 2002 iras,
956 1950 1004 2005 535

269 2038 318 2090 iris
328 2035 442 2090 memori
454 2037 559 2089 servant
569 2035 696 2088 adsecula
706 2034 771 2088 sato.

266 2151 380 2204 cumque
389 2133 434 2186 illa
442 2136 532 2186 levem
541 2132 645 2202 fugiens
654 2133 724 2185 secat
732 2132 830 2185 athera
839 2131 950 2201 pennis,

266 2230 407 2285 tinimicus
419 2244 498 2282 atrox
507 2246 604 2300 magno
615 2227 725 2283 stridore
733 2246 783 2299 per
793 2246 886 2293 auras,

266 2330 356 2400 quitur
367 2328 445 2380 Nisus
457 2347 464 2380 ε
476 2329 564 2396 quase
575 2329 625 2382 fers
634 2327 714 2380 Nisus
725 2328 759 2379 ad
766 2343 841 2379 auras

266 2431 354 2483 levem
365 2424 469 2495 fugiens
479 2425 576 2492 raptim
586 2425 654 2479 secat
666 2424 764 2478 aethera
772 2422 877 2493 pennis.
956 2445 1007 2497 54⁰

412 2731 730 2856 &Auses-ssew*

432 2831 704 2936 Ἢᾶἔῖ

559 2936 582 2986 n
764 2968 768 2975 .
