<?xml version="1.0" encoding="UTF-8"?>
<!DOCTYPE html PUBLIC "-//W3C//DTD XHTML 1.0 Transitional//EN"
    "http://www.w3.org/TR/xhtml1/DTD/xhtml1-transitional.dtd">
<html xmlns="http://www.w3.org/1999/xhtml" xml:lang="en" lang="en">
 <head>
  <title>
</title>
<meta http-equiv="Content-Type" content="text/html;charset=utf-8" />
  <meta name='ocr-system' content='tesseract 3.04.00' />
  <meta name='ocr-capabilities' content='ocr_page ocr_carea ocr_par ocr_line ocrx_word'/>
</head>
<body>
  <div class='ocr_page' id='page_1' title='image "./publiivirgiliim00vegigoog_0309.png"; bbox 0 0 2700 3925; ppageno 0'>
   <div class='ocr_carea' id='block_1_1' title="bbox 366 419 893 540">
    <p class='ocr_par' dir='ltr' id='par_1_1' title="bbox 366 419 893 540">
     <span class='ocr_line' id='line_1_1' title="bbox 366 419 893 540; baseline 0.006 -35"><span class='ocrx_word' id='word_1_1' title='bbox 366 429 444 540; x_wconf 21' lang='lat'><em>2¹82</em></span> <span class='ocrx_word' id='word_1_2' title='bbox 587 419 893 508; x_wconf 63' lang='lat' dir='ltr'>Maereat</span> 
     </span>
    </p>
   </div>
   <div class='ocr_carea' id='block_1_2' title="bbox 361 587 1129 1120">
    <p class='ocr_par' dir='ltr' id='par_1_2' title="bbox 363 587 986 654">
     <span class='ocr_line' id='line_1_2' title="bbox 363 587 986 654; baseline 0.005 -15"><span class='ocrx_word' id='word_1_3' title='bbox 363 587 440 640; x_wconf 85' lang='lat' dir='ltr'>Talia</span> <span class='ocrx_word' id='word_1_4' title='bbox 455 587 595 654; x_wconf 74' lang='lat' dir='ltr'>iadlantem</span> <span class='ocrx_word' id='word_1_5' title='bbox 607 587 779 641; x_wconf 83' lang='lat' dir='ltr'>circumstetit</span> <span class='ocrx_word' id='word_1_6' title='bbox 791 605 873 642; x_wconf 89' lang='lat' dir='ltr'>aurea</span> <span class='ocrx_word' id='word_1_7' title='bbox 888 605 986 653; x_wconf 82' lang='lat' dir='ltr'>mater,</span> 
     </span>
    </p>

    <p class='ocr_par' dir='ltr' id='par_1_3' title="bbox 361 685 1118 851">
     <span class='ocr_line' id='line_1_3' title="bbox 361 685 1021 749; baseline 0.005 -13"><span class='ocrx_word' id='word_1_8' title='bbox 361 685 396 737; x_wconf 87' lang='lat' dir='ltr'>Se</span> <span class='ocrx_word' id='word_1_9' title='bbox 408 687 543 739; x_wconf 87' lang='lat' dir='ltr'>Venerem</span> <span class='ocrx_word' id='word_1_10' title='bbox 555 685 669 739; x_wconf 79' lang='lat' dir='ltr'>confessa</span> <span class='ocrx_word' id='word_1_11' title='bbox 681 725 688 749; x_wconf 87' lang='lat'>,</span> <span class='ocrx_word' id='word_1_12' title='bbox 700 688 773 738; x_wconf 85' lang='lat' dir='ltr'>almo</span> <span class='ocrx_word' id='word_1_13' title='bbox 786 687 814 739; x_wconf 73' lang='grc' dir='ltr'>δι</span> <span class='ocrx_word' id='word_1_14' title='bbox 823 686 859 739; x_wconf 85' lang='lat' dir='ltr'>fic</span> <span class='ocrx_word' id='word_1_15' title='bbox 869 688 953 739; x_wconf 80' lang='lat' dir='ltr'>edidit</span> <span class='ocrx_word' id='word_1_16' title='bbox 961 703 1021 739; x_wconf 87' lang='lat' dir='ltr'>ore:</span> 
     </span>
     <span class='ocr_line' id='line_1_4' title="bbox 404 775 1118 851; baseline -0.003 -15"><span class='ocrx_word' id='word_1_17' title='bbox 404 775 1085 851; x_wconf 75' lang='lat' dir='ltr'>Gnate,animoponehaneuuam,&amp;melioracapdr</span> <span class='ocrx_word' id='word_1_18' title='bbox 1115 809 1118 816; x_wconf 92' lang='lat'>·</span> 
     </span>
    </p>

    <p class='ocr_par' dir='ltr' id='par_1_4' title="bbox 362 877 1129 970">
     <span class='ocr_line' id='line_1_5' title="bbox 362 877 1129 970; baseline -0.005 -36"><span class='ocrx_word' id='word_1_19' title='bbox 362 880 443 952; x_wconf 84' lang='lat' dir='ltr'>Signa</span> <span class='ocrx_word' id='word_1_20' title='bbox 454 881 542 933; x_wconf 84' lang='lat' dir='ltr'>Dethn</span> <span class='ocrx_word' id='word_1_21' title='bbox 553 920 560 945; x_wconf 85' lang='grc'><em>,</em></span> <span class='ocrx_word' id='word_1_22' title='bbox 570 880 737 951; x_wconf 79' lang='lat' dir='ltr'>gaudensque</span> <span class='ocrx_word' id='word_1_23' title='bbox 745 879 827 933; x_wconf 74' lang='lat' dir='ltr'>bonis</span> <span class='ocrx_word' id='word_1_24' title='bbox 835 881 947 934; x_wconf 82' lang='lat' dir='ltr'>succede</span> <span class='ocrx_word' id='word_1_25' title='bbox 954 878 1057 934; x_wconf 78' lang='lat' dir='ltr'>futuris:</span> <span class='ocrx_word' id='word_1_26' title='bbox 1119 877 1129 970; x_wconf 51' lang='lat' dir='ltr'>j</span> 
     </span>
    </p>

    <p class='ocr_par' dir='ltr' id='par_1_5' title="bbox 361 975 1129 1120">
     <span class='ocr_line' id='line_1_6' title="bbox 361 975 1129 1120; baseline -0.008 -89"><span class='ocrx_word' id='word_1_27' title='bbox 361 976 577 1046; x_wconf 82' lang='lat' dir='ltr'>Nunetibiparta</span> <span class='ocrx_word' id='word_1_28' title='bbox 587 975 1087 1046; x_wconf 66' lang='lat' dir='ltr'>quiesmuncmetaextremamalomm:</span> <span class='ocrx_word' id='word_1_29' title='bbox 1118 1011 1129 1120; x_wconf 59' lang='lat'><strong>⁴</strong></span> 
     </span>
    </p>
   </div>
   <div class='ocr_carea' id='block_1_3' title="bbox 352 1074 1129 3187">
    <p class='ocr_par' dir='ltr' id='par_1_6' title="bbox 359 1074 1129 1529">
     <span class='ocr_line' id='line_1_7' title="bbox 361 1074 1129 1146; baseline -0.001 -21"><span class='ocrx_word' id='word_1_30' title='bbox 361 1076 439 1126; x_wconf 88' lang='lat' dir='ltr'>Nunc</span> <span class='ocrx_word' id='word_1_31' title='bbox 449 1076 553 1126; x_wconf 88' lang='lat' dir='ltr'>tandem</span> <span class='ocrx_word' id='word_1_32' title='bbox 566 1087 686 1140; x_wconf 88' lang='lat' dir='ltr'>optatam</span> <span class='ocrx_word' id='word_1_33' title='bbox 695 1087 867 1142; x_wconf 87' lang='lat' dir='ltr'>componunt</span> <span class='ocrx_word' id='word_1_34' title='bbox 878 1074 964 1128; x_wconf 86' lang='lat' dir='ltr'>secula</span> <span class='ocrx_word' id='word_1_35' title='bbox 972 1089 1064 1143; x_wconf 82' lang='lat' dir='ltr'>pacem.</span> <span class='ocrx_word' id='word_1_36' title='bbox 1125 1125 1129 1146; x_wconf 46' lang='grc'>1</span> 
     </span>
     <span class='ocr_line' id='line_1_8' title="bbox 360 1153 1129 1238; baseline -0.004 -14"><span class='ocrx_word' id='word_1_37' title='bbox 360 1173 417 1224; x_wconf 87' lang='lat' dir='ltr'>Nec</span> <span class='ocrx_word' id='word_1_38' title='bbox 429 1171 561 1223; x_wconf 86' lang='lat' dir='ltr'>flammam</span> <span class='ocrx_word' id='word_1_39' title='bbox 575 1172 605 1223; x_wconf 88' lang='lat' dir='ltr'>ad</span> <span class='ocrx_word' id='word_1_40' title='bbox 616 1172 701 1224; x_wconf 86' lang='lat' dir='ltr'>coelos</span> <span class='ocrx_word' id='word_1_41' title='bbox 713 1172 844 1238; x_wconf 80' lang='lat' dir='ltr'>perlatam</span> <span class='ocrx_word' id='word_1_42' title='bbox 854 1189 871 1225; x_wconf 89' lang='lat' dir='ltr'>e</span> <span class='ocrx_word' id='word_1_43' title='bbox 880 1172 983 1225; x_wconf 84' lang='lat' dir='ltr'>vertice</span> <span class='ocrx_word' id='word_1_44' title='bbox 992 1187 1050 1224; x_wconf 78' lang='lat' dir='ltr'>cara</span> <span class='ocrx_word' id='word_1_45' title='bbox 1121 1153 1129 1232; x_wconf 66' lang='lat' dir='ltr'>l</span> 
     </span>
     <span class='ocr_line' id='line_1_9' title="bbox 361 1267 1075 1340; baseline -0.004 -19"><span class='ocrx_word' id='word_1_46' title='bbox 361 1267 491 1339; x_wconf 76' lang='lat' dir='ltr'>Coniugis</span> <span class='ocrx_word' id='word_1_47' title='bbox 501 1270 637 1321; x_wconf 83' lang='lat' dir='ltr'>horresce:</span> <span class='ocrx_word' id='word_1_48' title='bbox 651 1283 678 1320; x_wconf 93' lang='lat' dir='ltr'>at</span> <span class='ocrx_word' id='word_1_49' title='bbox 689 1268 853 1321; x_wconf 85' lang='lat' dir='ltr'>constantem</span> <span class='ocrx_word' id='word_1_50' title='bbox 867 1269 952 1340; x_wconf 78' lang='lat' dir='ltr'>dirige</span> <span class='ocrx_word' id='word_1_51' title='bbox 961 1281 1075 1322; x_wconf 85' lang='lat' dir='ltr'>mentem.</span> 
     </span>
     <span class='ocr_line' id='line_1_10' title="bbox 359 1362 1091 1437; baseline -0.001 -22"><span class='ocrx_word' id='word_1_52' title='bbox 359 1365 482 1432; x_wconf 89' lang='lat' dir='ltr'>Namque</span> <span class='ocrx_word' id='word_1_53' title='bbox 488 1364 538 1416; x_wconf 89' lang='lat' dir='ltr'>etit</span> <span class='ocrx_word' id='word_1_54' title='bbox 545 1363 602 1427; x_wconf 79' lang='lat' dir='ltr'>illa,</span> <span class='ocrx_word' id='word_1_55' title='bbox 610 1379 686 1416; x_wconf 89' lang='lat' dir='ltr'>tuum</span> <span class='ocrx_word' id='word_1_56' title='bbox 692 1362 789 1416; x_wconf 89' lang='lat' dir='ltr'>celebri</span> <span class='ocrx_word' id='word_1_57' title='bbox 796 1381 856 1434; x_wconf 85' lang='lat' dir='ltr'>quae</span> <span class='ocrx_word' id='word_1_58' title='bbox 863 1366 990 1437; x_wconf 85' lang='lat' dir='ltr'>sanguine</span> <span class='ocrx_word' id='word_1_59' title='bbox 995 1377 1091 1425; x_wconf 78' lang='lat' dir='ltr'>nomen,</span> 
     </span>
     <span class='ocr_line' id='line_1_11' title="bbox 360 1459 1008 1529; baseline 0.008 -17"><span class='ocrx_word' id='word_1_60' title='bbox 360 1460 545 1529; x_wconf 77' lang='lat' dir='ltr'>Troianosque</span> <span class='ocrx_word' id='word_1_61' title='bbox 557 1459 664 1514; x_wconf 63' lang='lat' dir='ltr'>audura</span> <span class='ocrx_word' id='word_1_62' title='bbox 675 1463 754 1514; x_wconf 85' lang='lat' dir='ltr'>duces</span> <span class='ocrx_word' id='word_1_63' title='bbox 766 1463 799 1514; x_wconf 91' lang='lat' dir='ltr'>ad</span> <span class='ocrx_word' id='word_1_64' title='bbox 814 1462 900 1515; x_wconf 85' lang='lat' dir='ltr'>fiderat</span> <span class='ocrx_word' id='word_1_65' title='bbox 912 1463 1008 1518; x_wconf 88' lang='lat' dir='ltr'>mittet.</span> 
     </span>
    </p>

    <p class='ocr_par' dir='ltr' id='par_1_7' title="bbox 358 1555 1052 1821">
     <span class='ocr_line' id='line_1_12' title="bbox 358 1555 1003 1629; baseline 0.011 -22"><span class='ocrx_word' id='word_1_66' title='bbox 358 1555 423 1607; x_wconf 83' lang='lat' dir='ltr'>Haec</span> <span class='ocrx_word' id='word_1_67' title='bbox 432 1557 480 1606; x_wconf 82' lang='lat' dir='ltr'>tihi¹</span> <span class='ocrx_word' id='word_1_68' title='bbox 491 1557 675 1624; x_wconf 84' lang='lat' dir='ltr'>magnanimos</span> <span class='ocrx_word' id='word_1_69' title='bbox 685 1557 791 1610; x_wconf 85' lang='lat' dir='ltr'>sublimi</span> <span class='ocrx_word' id='word_1_70' title='bbox 800 1560 879 1627; x_wconf 90' lang='lat' dir='ltr'>prole</span> <span class='ocrx_word' id='word_1_71' title='bbox 889 1576 1003 1629; x_wconf 84' lang='lat' dir='ltr'>nepotes</span> 
     </span>
     <span class='ocr_line' id='line_1_13' title="bbox 359 1650 1028 1724; baseline 0.01 -21"><span class='ocrx_word' id='word_1_72' title='bbox 359 1651 505 1714; x_wconf 86' lang='lat' dir='ltr'>Conferet,</span> <span class='ocrx_word' id='word_1_73' title='bbox 517 1650 631 1722; x_wconf 82' lang='lat' dir='ltr'>egregiis</span> <span class='ocrx_word' id='word_1_74' title='bbox 644 1668 733 1707; x_wconf 88' lang='lat' dir='ltr'>totum</span> <span class='ocrx_word' id='word_1_75' title='bbox 744 1654 790 1724; x_wconf 87' lang='lat' dir='ltr'>qui</span> <span class='ocrx_word' id='word_1_76' title='bbox 802 1655 925 1709; x_wconf 79' lang='lat' dir='ltr'>laudibus</span> <span class='ocrx_word' id='word_1_77' title='bbox 937 1659 1028 1710; x_wconf 87' lang='lat' dir='ltr'>orbem</span> 
     </span>
     <span class='ocr_line' id='line_1_14' title="bbox 359 1735 1052 1821; baseline 0.012 -22"><span class='ocrx_word' id='word_1_78' title='bbox 359 1749 540 1816; x_wconf 85' lang='lat' dir='ltr'>Complebunt</span> <span class='ocrx_word' id='word_1_79' title='bbox 552 1789 560 1812; x_wconf 89' lang='lat'><strong>‚</strong></span> <span class='ocrx_word' id='word_1_80' title='bbox 572 1764 715 1819; x_wconf 81' lang='lat' dir='ltr'>totumque</span> <span class='ocrx_word' id='word_1_81' title='bbox 726 1751 772 1803; x_wconf 79' lang='lat' dir='ltr'>sud</span> <span class='ocrx_word' id='word_1_82' title='bbox 783 1754 887 1805; x_wconf 84' lang='lat' dir='ltr'>virtute</span> <span class='ocrx_word' id='word_1_83' title='bbox 899 1735 1052 1821; x_wconf 78' lang='lat' dir='ltr'>potentes,¹</span> 
     </span>
    </p>

    <p class='ocr_par' dir='ltr' id='par_1_8' title="bbox 357 1844 1096 2209">
     <span class='ocr_line' id='line_1_15' title="bbox 358 1844 1096 1919; baseline 0.003 -22"><span class='ocrx_word' id='word_1_84' title='bbox 358 1846 412 1897; x_wconf 88' lang='lat' dir='ltr'>Sub</span> <span class='ocrx_word' id='word_1_85' title='bbox 421 1844 481 1915; x_wconf 80' lang='lat' dir='ltr'>juga</span> <span class='ocrx_word' id='word_1_86' title='bbox 492 1885 499 1909; x_wconf 88' lang='lat'>,</span> <span class='ocrx_word' id='word_1_87' title='bbox 511 1846 680 1915; x_wconf 67' lang='lat' dir='ltr'>vidoresque</span> <span class='ocrx_word' id='word_1_88' title='bbox 690 1848 811 1899; x_wconf 83' lang='lat' dir='ltr'>trahent:</span> <span class='ocrx_word' id='word_1_89' title='bbox 824 1865 894 1915; x_wconf 83' lang='lat' dir='ltr'>quos</span> <span class='ocrx_word' id='word_1_90' title='bbox 910 1849 997 1919; x_wconf 83' lang='lat' dir='ltr'>gloria</span> <span class='ocrx_word' id='word_1_91' title='bbox 1005 1851 1096 1902; x_wconf 88' lang='lat' dir='ltr'>summo</span> 
     </span>
     <span class='ocr_line' id='line_1_16' title="bbox 359 1943 1039 2016; baseline 0.007 -20"><span class='ocrx_word' id='word_1_92' title='bbox 359 1945 498 1997; x_wconf 85' lang='lat' dir='ltr'>Oceanum</span> <span class='ocrx_word' id='word_1_93' title='bbox 511 1943 663 2015; x_wconf 82' lang='lat' dir='ltr'>transgreffa</span> <span class='ocrx_word' id='word_1_94' title='bbox 673 1945 767 2016; x_wconf 86' lang='lat' dir='ltr'>ingens</span> <span class='ocrx_word' id='word_1_95' title='bbox 777 1946 894 2015; x_wconf 84' lang='lat' dir='ltr'>aequahit</span> <span class='ocrx_word' id='word_1_96' title='bbox 905 1946 1039 2016; x_wconf 87' lang='lat' dir='ltr'>Olympo.</span> 
     </span>
     <span class='ocr_line' id='line_1_17' title="bbox 357 2042 1083 2111; baseline 0 -16"><span class='ocrx_word' id='word_1_97' title='bbox 357 2044 435 2109; x_wconf 84' lang='lat' dir='ltr'>Quos</span> <span class='ocrx_word' id='word_1_98' title='bbox 446 2045 551 2094; x_wconf 88' lang='lat' dir='ltr'>tandem</span> <span class='ocrx_word' id='word_1_99' title='bbox 561 2042 699 2096; x_wconf 84' lang='lat' dir='ltr'>innumera</span> <span class='ocrx_word' id='word_1_100' title='bbox 709 2045 801 2095; x_wconf 88' lang='lat' dir='ltr'>ardens</span> <span class='ocrx_word' id='word_1_101' title='bbox 811 2042 871 2111; x_wconf 85' lang='lat' dir='ltr'>post</span> <span class='ocrx_word' id='word_1_102' title='bbox 883 2043 993 2097; x_wconf 88' lang='lat' dir='ltr'>illustria</span> <span class='ocrx_word' id='word_1_103' title='bbox 1001 2059 1083 2097; x_wconf 90' lang='lat' dir='ltr'>rerum</span> 
     </span>
     <span class='ocr_line' id='line_1_18' title="bbox 359 2139 1034 2209; baseline 0.009 -17"><span class='ocrx_word' id='word_1_104' title='bbox 359 2139 438 2194; x_wconf 87' lang='lat' dir='ltr'>Gesta</span> <span class='ocrx_word' id='word_1_105' title='bbox 452 2143 528 2193; x_wconf 89' lang='lat' dir='ltr'>Deos</span> <span class='ocrx_word' id='word_1_106' title='bbox 538 2140 635 2194; x_wconf 68' lang='lat' dir='ltr'>faliuta</span> <span class='ocrx_word' id='word_1_107' title='bbox 646 2142 728 2194; x_wconf 89' lang='lat' dir='ltr'>vehet</span> <span class='ocrx_word' id='word_1_108' title='bbox 739 2141 816 2209; x_wconf 89' lang='lat' dir='ltr'>super</span> <span class='ocrx_word' id='word_1_109' title='bbox 826 2142 925 2194; x_wconf 83' lang='lat' dir='ltr'>aethera</span> <span class='ocrx_word' id='word_1_110' title='bbox 935 2143 1034 2199; x_wconf 85' lang='lat' dir='ltr'>virtus.</span> 
     </span>
    </p>

    <p class='ocr_par' dir='ltr' id='par_1_9' title="bbox 354 2238 1049 2696">
     <span class='ocr_line' id='line_1_19' title="bbox 357 2238 998 2309; baseline 0.005 -19"><span class='ocrx_word' id='word_1_111' title='bbox 357 2240 433 2292; x_wconf 88' lang='lat' dir='ltr'>Hanc</span> <span class='ocrx_word' id='word_1_112' title='bbox 442 2238 576 2291; x_wconf 86' lang='lat' dir='ltr'>flammam</span> <span class='ocrx_word' id='word_1_113' title='bbox 585 2253 698 2291; x_wconf 88' lang='lat' dir='ltr'>ventura</span> <span class='ocrx_word' id='word_1_114' title='bbox 706 2254 758 2290; x_wconf 82' lang='lat' dir='ltr'>tuae</span> <span class='ocrx_word' id='word_1_115' title='bbox 764 2238 900 2306; x_wconf 84' lang='lat' dir='ltr'>praeconia</span> <span class='ocrx_word' id='word_1_116' title='bbox 909 2239 998 2309; x_wconf 87' lang='lat' dir='ltr'>gentis</span> 
     </span>
     <span class='ocr_line' id='line_1_20' title="bbox 356 2335 1026 2409; baseline 0 -19"><span class='ocrx_word' id='word_1_117' title='bbox 356 2338 502 2409; x_wconf 88' lang='lat' dir='ltr'>Defignant</span> <span class='ocrx_word' id='word_1_118' title='bbox 509 2357 515 2390; x_wconf 92' lang='lat'><strong>:</strong></span> <span class='ocrx_word' id='word_1_119' title='bbox 523 2338 575 2389; x_wconf 85' lang='lat' dir='ltr'>hoe</span> <span class='ocrx_word' id='word_1_120' title='bbox 585 2336 759 2404; x_wconf 88' lang='lat' dir='ltr'>omnipotens</span> <span class='ocrx_word' id='word_1_121' title='bbox 769 2352 784 2387; x_wconf 90' lang='lat' dir='ltr'>e</span> <span class='ocrx_word' id='word_1_122' title='bbox 795 2335 913 2388; x_wconf 89' lang='lat' dir='ltr'>culmine</span> <span class='ocrx_word' id='word_1_123' title='bbox 923 2337 1026 2406; x_wconf 83' lang='lat' dir='ltr'>fignum</span> 
     </span>
     <span class='ocr_line' id='line_1_21' title="bbox 356 2433 1042 2500; baseline 0.001 -13"><span class='ocrx_word' id='word_1_124' title='bbox 356 2435 465 2488; x_wconf 88' lang='lat' dir='ltr'>Sidereo</span> <span class='ocrx_word' id='word_1_125' title='bbox 477 2438 565 2488; x_wconf 88' lang='lat' dir='ltr'>dedit:</span> <span class='ocrx_word' id='word_1_126' title='bbox 577 2449 603 2487; x_wconf 90' lang='lat' dir='ltr'>at</span> <span class='ocrx_word' id='word_1_127' title='bbox 615 2450 746 2486; x_wconf 88' lang='lat' dir='ltr'>tantarum</span> <span class='ocrx_word' id='word_1_128' title='bbox 758 2433 788 2485; x_wconf 92' lang='lat' dir='ltr'>in</span> <span class='ocrx_word' id='word_1_129' title='bbox 796 2450 907 2486; x_wconf 87' lang='lat' dir='ltr'>munere</span> <span class='ocrx_word' id='word_1_130' title='bbox 918 2436 1042 2500; x_wconf 83' lang='lat' dir='ltr'>laudum,</span> 
     </span>
     <span class='ocr_line' id='line_1_22' title="bbox 355 2527 1049 2599; baseline -0.001 -14"><span class='ocrx_word' id='word_1_131' title='bbox 355 2533 444 2599; x_wconf 87' lang='lat' dir='ltr'>Quam</span> <span class='ocrx_word' id='word_1_132' title='bbox 456 2531 544 2584; x_wconf 86' lang='lat' dir='ltr'>statuis</span> <span class='ocrx_word' id='word_1_133' title='bbox 557 2572 564 2596; x_wconf 80' lang='grc'><em>,</em></span> <span class='ocrx_word' id='word_1_134' title='bbox 579 2532 649 2583; x_wconf 85' lang='lat' dir='ltr'>dicas</span> <span class='ocrx_word' id='word_1_135' title='bbox 662 2549 676 2584; x_wconf 95' lang='lat' dir='ltr'>a</span> <span class='ocrx_word' id='word_1_136' title='bbox 689 2530 798 2582; x_wconf 90' lang='lat' dir='ltr'>nomine</span> <span class='ocrx_word' id='word_1_137' title='bbox 811 2527 934 2599; x_wconf 86' lang='lat' dir='ltr'>conjugis</span> <span class='ocrx_word' id='word_1_138' title='bbox 945 2532 1049 2584; x_wconf 72' lang='lat' dir='ltr'>urbem·</span> 
     </span>
     <span class='ocr_line' id='line_1_23' title="bbox 354 2629 959 2696; baseline -0.002 -15"><span class='ocrx_word' id='word_1_139' title='bbox 354 2629 483 2683; x_wconf 70' lang='lat' dir='ltr'>Praeterea</span> <span class='ocrx_word' id='word_1_140' title='bbox 492 2631 579 2682; x_wconf 89' lang='lat' dir='ltr'>sacros</span> <span class='ocrx_word' id='word_1_141' title='bbox 590 2629 671 2695; x_wconf 71' lang='lat' dir='ltr'>Troia</span> <span class='ocrx_word' id='word_1_142' title='bbox 684 2646 718 2681; x_wconf 88' lang='lat' dir='ltr'>ex</span> <span class='ocrx_word' id='word_1_143' title='bbox 729 2630 836 2680; x_wconf 80' lang='lat' dir='ltr'>ardente</span> <span class='ocrx_word' id='word_1_144' title='bbox 848 2643 959 2696; x_wconf 84' lang='lat' dir='ltr'>penates</span> 
     </span>
    </p>

    <p class='ocr_par' dir='ltr' id='par_1_10' title="bbox 354 2722 1027 2800">
     <span class='ocr_line' id='line_1_24' title="bbox 354 2722 1027 2800; baseline -0.004 -21"><span class='ocrx_word' id='word_1_145' title='bbox 354 2729 466 2800; x_wconf 86' lang='lat' dir='ltr'>Ereptos</span> <span class='ocrx_word' id='word_1_146' title='bbox 479 2743 611 2794; x_wconf 88' lang='lat' dir='ltr'>compone</span> <span class='ocrx_word' id='word_1_147' title='bbox 622 2743 694 2777; x_wconf 90' lang='lat' dir='ltr'>nova</span> <span class='ocrx_word' id='word_1_148' title='bbox 706 2725 774 2776; x_wconf 88' lang='lat' dir='ltr'>intra</span> <span class='ocrx_word' id='word_1_149' title='bbox 784 2722 885 2775; x_wconf 84' lang='lat' dir='ltr'>moenia</span> <span class='ocrx_word' id='word_1_150' title='bbox 898 2743 906 2775; x_wconf 74' lang='grc' dir='ltr'><strong><em>ε</em></strong></span> <span class='ocrx_word' id='word_1_151' title='bbox 921 2724 947 2777; x_wconf 87' lang='lat'>&amp;</span> <span class='ocrx_word' id='word_1_152' title='bbox 956 2726 1027 2777; x_wconf 87' lang='lat' dir='ltr'>altos</span> 
     </span>
    </p>

    <p class='ocr_par' dir='ltr' id='par_1_11' title="bbox 352 2814 1007 2888">
     <span class='ocr_line' id='line_1_25' title="bbox 352 2814 1007 2888; baseline 0.003 -14"><span class='ocrx_word' id='word_1_153' title='bbox 352 2824 423 2876; x_wconf 80' lang='lat' dir='ltr'>Inier</span> <span class='ocrx_word' id='word_1_154' title='bbox 433 2827 465 2876; x_wconf 87' lang='lat' dir='ltr'>ad</span> <span class='ocrx_word' id='word_1_155' title='bbox 474 2840 601 2876; x_wconf 83' lang='lat' dir='ltr'>aeternum</span> <span class='ocrx_word' id='word_1_156' title='bbox 611 2823 748 2874; x_wconf 88' lang='lat' dir='ltr'>mansuros</span> <span class='ocrx_word' id='word_1_157' title='bbox 758 2814 864 2888; x_wconf 85' lang='lat' dir='ltr'>tempus</span> <span class='ocrx_word' id='word_1_158' title='bbox 874 2820 1007 2876; x_wconf 88' lang='lat' dir='ltr'>honores.</span> 
     </span>
    </p>

    <p class='ocr_par' dir='ltr' id='par_1_12' title="bbox 352 2911 1092 3083">
     <span class='ocr_line' id='line_1_26' title="bbox 353 2911 1092 2988; baseline 0.004 -18"><span class='ocrx_word' id='word_1_159' title='bbox 353 2919 390 2971; x_wconf 88' lang='lat' dir='ltr'>Hi</span> <span class='ocrx_word' id='word_1_160' title='bbox 404 2920 414 2985; x_wconf 94' lang='lat'>(</span> <span class='ocrx_word' id='word_1_161' title='bbox 426 2922 474 2974; x_wconf 90' lang='lat' dir='ltr'>tibi</span> <span class='ocrx_word' id='word_1_162' title='bbox 484 2911 553 2973; x_wconf 87' lang='lat' dir='ltr'>mira</span> <span class='ocrx_word' id='word_1_163' title='bbox 561 2921 642 2973; x_wconf 88' lang='lat' dir='ltr'>feram</span> <span class='ocrx_word' id='word_1_164' title='bbox 653 2922 663 2988; x_wconf 85' lang='lat'>)</span> <span class='ocrx_word' id='word_1_165' title='bbox 675 2933 749 2971; x_wconf 87' lang='lat' dir='ltr'>tanto</span> <span class='ocrx_word' id='word_1_166' title='bbox 760 2918 831 2970; x_wconf 90' lang='lat' dir='ltr'>urbis</span> <span class='ocrx_word' id='word_1_167' title='bbox 844 2935 937 2971; x_wconf 89' lang='lat' dir='ltr'>amore</span> <span class='ocrx_word' id='word_1_168' title='bbox 947 2920 1092 2980; x_wconf 86' lang='lat' dir='ltr'>trahentur,</span> 
     </span>
     <span class='ocr_line' id='line_1_27' title="bbox 352 3001 959 3083; baseline -0.003 -13"><span class='ocrx_word' id='word_1_169' title='bbox 352 3019 391 3070; x_wconf 92' lang='lat' dir='ltr'>Ut</span> <span class='ocrx_word' id='word_1_170' title='bbox 400 3016 471 3068; x_wconf 72' lang='lat' dir='ltr'>vedli</span> <span class='ocrx_word' id='word_1_171' title='bbox 480 3019 512 3068; x_wconf 90' lang='lat' dir='ltr'>ad</span> <span class='ocrx_word' id='word_1_172' title='bbox 522 3018 594 3070; x_wconf 86' lang='lat' dir='ltr'>sedes</span> <span class='ocrx_word' id='word_1_173' title='bbox 605 3016 669 3069; x_wconf 86' lang='lat' dir='ltr'>alias</span> <span class='ocrx_word' id='word_1_174' title='bbox 680 3055 687 3080; x_wconf 85' lang='lat'><strong>‚</strong></span> <span class='ocrx_word' id='word_1_175' title='bbox 701 3016 760 3067; x_wconf 88' lang='lat' dir='ltr'>loca</span> <span class='ocrx_word' id='word_1_176' title='bbox 770 3001 855 3083; x_wconf 73' lang='lat' dir='ltr'>prima</span> <span class='ocrx_word' id='word_1_177' title='bbox 867 3015 959 3068; x_wconf 91' lang='lat' dir='ltr'>Latini</span> 
     </span>
    </p>

    <p class='ocr_par' dir='ltr' id='par_1_13' title="bbox 352 3100 1091 3187">
     <span class='ocr_line' id='line_1_28' title="bbox 352 3100 1091 3187; baseline -0.004 -20"><span class='ocrx_word' id='word_1_178' title='bbox 352 3117 454 3185; x_wconf 83' lang='lat' dir='ltr'>Sponte</span> <span class='ocrx_word' id='word_1_179' title='bbox 464 3112 509 3167; x_wconf 79' lang='lat' dir='ltr'>lud</span> <span class='ocrx_word' id='word_1_180' title='bbox 515 3100 653 3185; x_wconf 75' lang='lat' dir='ltr'>repetent,</span> <span class='ocrx_word' id='word_1_181' title='bbox 670 3112 819 3185; x_wconf 84' lang='lat' dir='ltr'>iterumque</span> <span class='ocrx_word' id='word_1_182' title='bbox 828 3111 982 3187; x_wconf 88' lang='lat' dir='ltr'>iterumque</span> <span class='ocrx_word' id='word_1_183' title='bbox 992 3111 1091 3170; x_wconf 79' lang='lat' dir='ltr'>reveri.</span> 
     </span>
    </p>
   </div>
   <div class='ocr_carea' id='block_1_4' title="bbox 0 0 1354 3925">
    <p class='ocr_par' dir='ltr' id='par_1_14' title="bbox 0 0 1354 3925">
     <span class='ocr_line' id='line_1_29' title="bbox 0 0 1354 3925; baseline 0 5"><span class='ocrx_word' id='word_1_184' title='bbox 0 0 1354 3925; x_wconf 95' lang='lat' dir='ltr'> </span> 
     </span>
    </p>
   </div>
  </div>
 </body>
</html>
