2700 3925
379 420 745 501 CATAzecrA.
810 442 925 527 ,249'

265 583 364 647 rendo,
377 583 406 635 in
413 583 558 652 primisque
564 597 667 651 patrem
675 601 681 635 :
690 596 796 635 tununc
805 577 857 634 eris
867 580 923 643 illi,
947 584 963 637 5

265 695 328 734 nrua
337 681 410 749 quod
418 681 520 744 fuerat,
534 680 658 749 quodque
669 682 801 745 Cremona
813 676 899 746 prius.

274 778 356 842 mihi,
369 778 450 832 niveo
460 780 505 831 sed
516 795 572 831 non
584 777 722 848 incognita
733 776 835 830 Phoebo
842 814 857 839 ,-

265 892 301 927 ica
312 875 378 927 mihi
390 875 488 940 dolien,
499 876 592 941 dicite,
602 875 753 945 Pegalideso

265 991 277 1024 r
288 972 357 1025 adest
366 974 456 1043 magni
465 990 590 1044 magnum
599 975 678 1025 decus
688 988 748 1024 ecce
760 969 898 1038 triumphi.

266 1069 313 1122 lor
323 1070 374 1140 qui
383 1086 459 1123 terrae
470 1112 477 1136 ,
489 1069 593 1140 quique
602 1084 694 1139 patent
703 1069 804 1123 marlai

266 1169 295 1220 da
304 1169 442 1221 barbarice
454 1185 564 1237 portans
576 1168 688 1237 insignia
698 1186 809 1238 pugnae,

266 1282 332 1334 gnus
341 1279 372 1317 ut
383 1266 505 1330 (Irrides,
518 1281 601 1335 utque
613 1265 738 1333 superbus
745 1261 832 1334 Eryx.

266 1361 336 1415 linus
346 1362 444 1416 idcirco
454 1363 558 1416 nostros
567 1379 727 1431 expromere
736 1378 828 1415 cautus

266 1459 354 1512 ximus
365 1498 379 1523 ‚.
391 1460 417 1512 δι
428 1460 531 1512 sanuos
542 1459 636 1529 diguus
647 1457 714 1511 inire
724 1459 834 1513 choros·

266 1570 343 1624 taque
355 1556 467 1609 insuetis
475 1555 561 1622 jastor.
570 1554 674 1628 magio,
685 1556 806 1625 optime,
817 1554 887 1611 curie
898 1576 906 1611 ι
980 1586 983 1592 ·

266 1652 290 1704 id
301 1654 333 1704 de
345 1666 371 1704 te
384 1651 478 1721 poffim
488 1653 616 1717 scribere,
633 1653 732 1723 quidve
744 1654 803 1709 tibi.

266 1768 302 1818 ue
313 1790 320 1814 ,
332 1751 434 1803 fatebor
442 1750 515 1803 enim
522 1790 536 1814 ,.
543 1768 603 1818 quae
613 1751 730 1803 maxima
740 1751 888 1804 deterrendi

266 1848 336 1911 uuit,
351 1848 480 1901 hortandi
486 1847 602 1900 maxima
612 1846 764 1903 cauffufuit.

276 1962 322 1999 tua
333 1945 362 1999 in
375 1945 476 2000 nostras
486 1960 619 2000 venerunt
627 1945 744 2001 carmina
753 1947 854 2001 chartas
865 1985 873 2012 ,

266 2044 344 2097 mina
353 2061 413 2097 cum
422 2046 530 2116 lingua,
545 2059 602 2098 tum
615 2047 667 2100 sale
679 2045 822 2115 Cecropio.

266 2142 325 2207 ina,
338 2159 396 2211 quae
408 2143 603 2214 Pylium‹seclis
614 2158 721 2214 accepta
735 2145 831 2198 futuris
843 2185 851 2210 ‚

266 2240 358 2303 mina,
371 2257 429 2309 quae
440 2240 548 2311 Pylium
556 2241 665 2295 vincere
675 2242 753 2313 digna
762 2243 862 2296 senem.

266 2354 305 2390 ter
315 2337 359 2390 hic
370 2337 451 2389 viridi
462 2341 559 2406 parulae
568 2339 614 2392 sub
623 2340 873 2409 tegmine'quereus-

266 2434 317 2486 eris
329 2432 445 2502 pastores
456 2435 482 2486 &
493 2434 641 2487 Meliboeus
652 2414 745 2490 erant:

267 2531 412 2598 stellantes
421 2535 524 2586 alterno
533 2532 754 2598 carminaversu,

267 2629 316 2682 alia
323 2629 467 2683 Trinacriae
478 2628 571 2683 ‹1on
580 2644 650 2681 amat
658 2629 775 2696 juvenis.

267 2727 312 2779 :im
323 2729 452 2783 ornabant
463 2743 558 2780 omnes
569 2728 689 2780 Heroida
697 2728 799 2794 Divae:‚

267 2825 349 2877 ratim
360 2825 440 2878 Divae
452 2842 561 2891 munere
574 2843 684 2896 quaeque
696 2826 763 2880 suo..
808 2824 810 2828 ⁸

269 2941 297 2975 m
306 2938 367 2975 anre
377 2922 441 2975 alias
451 2938 526 2976 tanto
536 2923 663 2994 scriptore
671 2926 788 2994 puellam
798 2944 813 2978 :1

267 3040 294 3076 er
304 3039 360 3075 non
369 3022 465 3074 famam
477 3021 575 3075 dixerit
585 3023 641 3091 ipse
648 3018 735 3094 prior.

267 3123 320 3186 lla,
336 3119 512 3188 Hesperidum
525 3119 554 3174 ni
562 3137 672 3176 munere
685 3133 761 3191 capta
771 3119 880 3187 loiffen⁴

574 3258 576 3262 .
768 3219 797 3271 L
807 3236 831 3273 v.
864 3260 867 3265 ⁴
