2700 3925
413 427 488 505 188
606 419 950 502 AElvurnos

407 578 547 647 Suspendit
557 577 642 647 capita
654 617 662 642 ,
680 579 706 631 &
716 577 833 631 rorantia
844 577 971 648 sanguine
982 589 1071 646 portat⁴

407 677 456 729 Ille
468 678 555 729 Talon
564 675 728 745 Tanaimque
738 674 816 739 neci,
827 676 980 745 sortemque
991 676 1106 743 eernegu

409 773 477 827 Tres
486 790 540 827 uno
550 772 704 843 congressu,
716 774 745 834 ὅ(
754 772 879 826 moestum
890 774 975 826 mittit
986 774 1105 842 Onyten,

357 867 406 924 515
417 873 524 924 Nomen
535 863 708 933 Echionium,
719 869 862 939 matrisque
875 868 960 940 genus
972 867 1088 923 Peridiae.

412 969 464 1021 Hic
475 968 566 1021 fratres
576 966 660 1037 Lycii
669 965 761 1019 miffos
771 967 798 1018 δι
809 967 947 1036 Apollinis
960 966 1048 1038 agris,
1103 995 1106 1000 ·

412 1066 445 1117 Et
455 1064 581 1130 juvenem
596 1064 709 1117 exosum
719 1064 897 1133 nequicquam
909 1065 980 1117 bella
991 1066 1105 1144 ilienoete

412 1164 528 1214 Arcada:
541 1162 650 1231 piscosae
659 1164 703 1215 mi
713 1161 814 1216 circum
823 1162 937 1216 flumina
948 1163 1041 1216 Lerna

414 1261 464 1312 Ars
473 1260 575 1324 suerat,
587 1276 739 1329 pauperque
748 1260 843 1311 domus
854 1276 863 1319 ·,
873 1276 925 1312 nec
934 1272 1000 1312 nota
1012 1271 1106 1328 potenti

364 1363 414 1415 520
420 1358 533 1410 Munera
543 1376 551 1417 ;
565 1356 748 1426 conductaque
758 1372 834 1425 pater
846 1359 944 1410 tellure
955 1358 1066 1412 serebat.

415 1456 454 1506 Ac
465 1457 541 1508 velut
550 1454 656 1507 immiffi
664 1453 773 1508 diverfis
785 1454 903 1523 partibus
913 1454 992 1525 igneo
1080 1474 1084 1481 ·

359 1620 363 1624 ι
415 1552 542 1603 Arentem
553 1550 581 1602 in
590 1551 713 1619 sylvam,
726 1551 753 1603 &
762 1550 879 1621 virgulta
888 1551 1015 1604 sonantia
1025 1552 1106 1604 lauro:

416 1648 470 1697 Aut
482 1646 526 1698 ubi
537 1647 646 1700 decursu
658 1648 753 1717 rapido
764 1651 796 1702 de
807 1649 946 1703 montibus
958 1648 1022 1701 altis
1082 1667 1089 1674 ·

417 1744 491 1795 Dant
497 1743 615 1797 sonitum
622 1746 738 1814 spumosi
746 1763 852 1810 amnes,
864 1745 1106 1815 &insequuta-cum

366 1850 412 1902 525
425 1842 543 1911 Quisque
555 1842 629 1895 suum
641 1843 784 1911 populatus
796 1842 846 1895 iter
860 1861 867 1894 z
880 1859 939 1894 non
949 1843 1056 1913 segnius
1067 1842 1106 1894 arn

419 1940 514 1993 AEneas
524 1940 680 2010 Turnusque
691 1954 771 1992 urunt
780 1956 828 2009 per
838 1940 935 2009 proelia
948 1962 955 1997 :
967 1958 1057 2006 nunc,
1070 1955 1106 1992 nu

383 2101 393 2116 l
420 2038 539 2091 Fluuuat
548 2038 587 2091 ira
595 2039 667 2091 intus
680 2057 687 2092 ε
699 2052 857 2108 rumpuntur
866 2040 956 2093 nescia
963 2039 1041 2093 vinci

420 2133 530 2186 Pectora
541 2154 547 2186 ι
560 2153 630 2188 nunc
641 2136 708 2189 totis
718 2136 748 2189 in
759 2136 872 2188 vulnera
881 2135 986 2188 viribus
998 2135 1062 2189 itur.

422 2232 596 2284 Murrhanum
602 2233 751 2297 hic,atavos
759 2234 905 2286 &avorum
911 2233 1024 2302 antiqua
1030 2234 1106 2287 sonan

371 2336 420 2391 530
428 2329 545 2382 Nomina
555 2369 562 2393 ‚
573 2347 620 2398 per
630 2331 755 2400 regesque
764 2329 851 2381 alium
861 2345 945 2398 genus
955 2346 1038 2382 omne
1048 2329 1106 2382 Lati

424 2428 590 2498 Praecipitem
599 2429 710 2497 scopulo
720 2443 799 2497 atque
810 2427 927 2498 ingentis
937 2427 1043 2480 turbine
1052 2425 1106 2480 saxi

424 2525 531 2578 Excutit
541 2565 549 2591 ‚
562 2525 725 2594 effunditque
732 2525 800 2577 solo.
809 2525 887 2576 Hunc
895 2525 954 2576 lora
964 2524 992 2575 &
1000 2522 1063 2595 juga
1072 2523 1106 2577 sul

424 2622 590 2677 Provolvere
601 2637 682 2686 rotae,
692 2622 784 2674 crebro
796 2621 874 2688 super
882 2623 982 2689 ungula
993 2621 1071 2689 pulsu

424 2720 510 2774 incita
521 2736 570 2773 nec
580 2717 684 2772 domiui
697 2733 846 2770 memorum
857 2719 995 2785 proculcat
1005 2734 1106 2788 equoru

335 2820 337 2825 '
373 2838 420 2890 535
432 2818 480 2869 ille
492 2817 579 2870 ruenti
591 2817 676 2886 Hyllo
689 2813 836 2883 anhnisque
846 2812 963 2866 immane
972 2813 1097 2868 frementi

427 2913 551 2965 Occurrit
562 2952 569 2977 ,
582 2915 717 2980 telumque
727 2926 816 2963 aurata
825 2912 857 2964 ad
868 2925 991 2979 tempora
1001 2926 1107 2982 torquet

426 3008 487 3061 Olli
496 3025 543 3077 per
555 3011 657 3078 galeam
669 3006 726 3078 sirco
736 3005 806 3060 stetit
815 3005 884 3059 hasta
895 3009 1016 3062 cerebro.
1060 2999 1062 3003 ’

426 3107 544 3161 Dextera
556 3122 604 3160 nec
614 3120 658 3160 tua
667 3119 710 3171 te,
720 3102 832 3159 Graium
840 3101 981 3158 sortiffirne
993 3107 1106 3171 Creteu,
