2700 3925
396 433 478 506 2-24
596 401 943 487 Vzuorzrr

393 563 458 614 Non
466 575 556 615 tamen
566 558 684 613 absistam
692 573 812 630 coeptum
823 560 950 615 detexere
962 576 1069 614 munus:

340 676 375 714 10
391 658 425 710 ln
435 673 490 729 quo
502 656 559 726 jure
571 673 643 711 meas
654 656 759 730 utinam
769 656 937 727 requiescere
948 659 1051 723 indas,

395 756 430 809 Et
441 756 539 810 leviter
548 756 672 828 blandum
683 754 764 808 liceat
774 756 910 824 deponere
919 770 1034 809 motem.

397 853 481 921 Quod
493 852 513 905 fi
525 850 667 905 mirificum
676 850 796 921 prolerre
807 852 901 921 ualent
911 868 995 922 genus
1004 862 1073 904 ornnt

398 949 547 1005 Mirificum
556 949 634 1015 secli,
649 950 733 1002 modo
744 947 835 1000 fittibi
843 950 917 1000 velle
926 948 1031 1013 libido,

400 1047 429 1101 Si
439 1064 481 1101 nte
490 1046 544 1114 jam
553 1047 655 1100 summa
664 1046 792 1115 sapientia
801 1058 930 1115 pangeret
939 1061 999 1097 arce
1010 1083 1018 1110 ,

347 1166 376 1220 15
400 1146 524 1212 Quatuot
535 1143 651 1213 antiquis
662 1160 721 1213 quae
729 1142 869 1194 heredibus
879 1139 918 1193 est
926 1142 987 1212 data
996 1138 1072 1193 conso

402 1243 481 1295 Unde
491 1239 633 1294 hominum
644 1255 747 1291 errores
758 1236 841 1308 longe
851 1234 960 1308 late'que
970 1254 1019 1308 per
1030 1237 1073 1290 orb

402 1338 549 1408 Despicere
556 1376 564 1403 ,
571 1352 649 1406 atque
655 1336 766 1388 humilis
772 1334 875 1404 podem
881 1348 1073 1390 contemneret

403 1438 430 1489 N
432 1453 470 1488 on
478 1453 530 1507 ego
539 1450 566 1489 te
576 1437 656 1487 talem
665 1450 807 1488 venerarer
818 1449 929 1486 munere
938 1431 997 1486 tali.

405 1535 619 1601 Nonequidem:
632 1532 758 1600 quaruvis
766 1530 900 1584 interdurn
910 1532 1003 1584 ludere
1012 1528 1073 1583 nobi

353 1654 388 1695 20
406 1630 439 1681 Et
448 1629 573 1699 gracilem
584 1629 661 1681 molli
672 1630 752 1682 liceat
764 1631 831 1699 pede
843 1630 965 1682 claudere
974 1630 1073 1682 versum

407 1728 460 1780 Sed
468 1743 566 1798 magno
576 1726 699 1780 intexens
710 1727 799 1795 (filas
809 1725 846 1779 est
854 1726 964 1794 dicere)
978 1728 1073 1802 peplos

409 1823 504 1892 Qualis
513 1823 660 1876 Etichtheis
673 1817 739 1875 'olim
750 1838 870 1891 portatur
879 1822 1013 1887 Athenis,

408 1920 508 1974 Debita
520 1938 580 1974 curn
592 1919 665 1974 calla
677 1921 817 1974 solvuntur
829 1934 895 1972 vota
904 1919 1059 1987 Minervae,

411 2018 531 2071 Tardave
543 2019 666 2073 confedlo
679 2020 790 2071 redeunt
799 2015 982 2087 quinquennia
993 2017 1074 2071 lustro

357 2150 389 2203 25
413 2114 482 2168 Cium
494 2113 564 2167 levis
575 2116 680 2167 alterno
692 2115 832 2184 Zephyrus
843 2114 1000 2168 concrebuit
1014 2116 1073 2167 Eur«

405 2213 445 2265 ·Et
455 2228 544 2282 prono
556 2213 696 2282 gravidum
707 2212 834 2283 provexit
846 2215 965 2282 pondere
977 2214 1073 2267 cursun

413 2310 490 2364 Felix
501 2309 546 2363 ille
558 2309 633 2375 dies,
648 2310 715 2364 felix
731 2311 757 2363 ἃ
769 2302 863 2363 dicitur
873 2327 977 2365 annus:

414 2409 533 2474 Felices,
550 2407 597 2478 qui
605 2409 687 2461 talem
698 2425 797 2462 annum
805 2406 899 2469 videre
910 2407 1049 2477 diemque.

414 2507 485 2577 Ergo
496 2487 618 2562 Palladiae
631 2520 758 2559 texuntur
769 2506 799 2559 in
809 2507 902 2560 ordine
914 2523 1030 2576 pugnae:

362 2643 396 2696 3⁰
416 2605 515 2676 Magna
527 2570 667 2679 Gi'gffn'teis
679 2619 808 2692 ornantur
819 2607 898 2675 pepla
909 2605 1037 2673 tropaeis:

367 2773 370 2776 ⁴
407 2701 533 2756 llorrida
544 2701 689 2772 sanguineo
705 2701 850 2772 pinguntur
859 2700 957 2770 proelia
966 2719 1062 2758 cocco.

409 2800 529 2869 ¹¹Additur
543 2798 631 2853 aurati
644 2796 759 2864 deiedius
771 2797 876 2866 cuspide
888 2797 989 2867 Typho
1002 2835 1011 2863 ,
1030 2844 1033 2849 .

419 2896 475 2965 Qui
484 2896 557 2966 prius
569 2895 663 2952 offaeis
675 2895 844 2950 consternens
857 2895 955 2948 aethera
967 2895 1059 2963 saxis,

414 2974 557 3048 ‘AEmathio
569 2995 667 3048 celsum
679 2993 825 3064 duplicabat
836 2992 937 3046 vertice
950 2993 1073 3064 Olympu

366 3132 396 3186 35
420 3093 486 3146 Tale
500 3092 566 3177 Dee
581 3095 678 3187 uelum⁸
689 3091 794 3147 solenni
806 3091 834 3145 iu
845 3105 1073 3178 ternporeportan
