2700 3925
401 437 493 514 242,
600 414 940 499 Vinctus!

397 574 522 645 Undique
533 563 686 642 mutabant,
703 592 782 647 atque
793 576 912 647 undique
923 577 1090 630 mutabantur.

270 697 272 702 .
340 674 391 727 495
403 672 468 725 Oris
479 674 569 727 honos
580 674 696 744 primum
707 714 715 738 ,
728 676 755 728 δι
766 674 858 728 multis
869 688 962 749 optata
972 675 1074 737 labella,

392 771 429 823 'lit
438 774 534 841 patula
545 773 642 826 frontis
652 772 753 840 species
763 772 934 826 concrescere
944 772 1060 825 inunum

398 869 532 938 crepere,
549 871 576 923 δι
588 871 679 941 gracili
691 885 812 924 mentum
820 871 970 940 producere
979 869 1070 923 rostro.

396 968 483 1033 Tum,
494 966 545 1037 quil
555 968 581 1021 se
592 970 710 1023 medium
719 968 814 1039 capitis
821 967 966 1023 discrimen
973 969 1077 1038 agebat,

399 1063 464 1115 Ecce
476 1062 585 1133 repente
595 1104 603 1130 ‚
612 1068 689 1119 velut
698 1066 800 1136 pattlos
814 1065 936 1120 imitatus
945 1066 1077 1128 honores,

345 1169 397 1220 500
405 1159 566 1230 Purpuream
575 1161 702 1230 concuffit
712 1178 781 1231 apex
791 1160 821 1213 in
828 1161 934 1216 vertice
945 1160 1055 1216 cristam.

398 1260 435 1311 At
447 1258 537 1313 mollis
549 1260 641 1313 varios
654 1260 778 1313 intexens
787 1262 880 1329 pluma
890 1261 1015 1324 colores,
1043 1304 1046 1310 .

400 1357 584 1411 Marmoreum
592 1357 699 1411 volucri
711 1356 820 1411 vestivit
829 1356 950 1428 tegmine
960 1373 1069 1427 corpus.

400 1455 537 1525 Lentaque
547 1469 688 1525 perpetuas
698 1455 822 1510 fuderunt
830 1454 938 1507 brachia
947 1471 1062 1523 pennas:

400 1551 464 1602 Inde
476 1551 540 1603 alias
550 1552 651 1620 partis,
667 1550 807 1621 minioque
817 1549 915 1604 infesta
926 1550 1032 1605 rubenti

349 1657 397 1709 505
410 1649 492 1700 Crura
504 1664 584 1700 novae
595 1646 694 1700 macies
707 1646 819 1700 obduxit
830 1647 950 1716 squalida
961 1647 1038 1717 pellis
1050 1684 1059 1712 ,

402 1745 435 1796 Et
446 1744 557 1814 pedibus
566 1743 665 1798 teneris
676 1761 779 1815 ungues
790 1742 906 1797 confixit
915 1726 1019 1800 acutos.

402 1844 436 1895 Et
447 1859 537 1896 tamen
547 1843 600 1895 hoc
609 1843 716 1894 demum
728 1839 830 1893 miserae
841 1840 993 1896 succurrere
1002 1840 1076 1911 palio

403 1940 463 1993 Vix
473 1941 557 1994 fuerat
567 1939 669 2009 placidi
680 1938 800 2009 Neptuni
810 1938 925 2011 conjuge
934 1940 1054 2011 dignum.

404 2042 558 2108 Numquam
569 2039 642 2091 illam
652 2036 759 2108 posthac
767 2036 840 2089 oculi
849 2036 944 2090 videte
953 2039 1060 2091 suorum

353 2151 403 2203 510
411 2138 557 2206 Purpureas
568 2135 641 2190 flavo
653 2135 815 2189 retinentem
823 2134 927 2188 vertice
937 2136 1039 2190 vittas:

405 2237 470 2287 Non
479 2236 609 2288 thalamus
620 2235 707 2305 Tyrio
720 2234 824 2304 stagnus
833 2233 937 2301 accepit
946 2250 1071 2296 amomo,

406 2336 493 2388 Nullae
502 2334 576 2387 illam
586 2310 658 2388 sedes
669 2351 677 2393 3
696 2332 760 2402 quid
769 2331 904 2400 enirnjam
913 2330 1019 2385 sedibus
1027 2331 1082 2383 illi?

408 2435 475 2501 Quae
488 2433 564 2485 timul
575 2446 605 2484 ut
620 2431 675 2484 sese
687 2446 754 2502 cano
766 2430 798 2482 de
811 2426 914 2497 gurgite
926 2430 1013 2480 velox

410 2536 478 2584 Cum
490 2529 579 2584 sonitu
589 2531 625 2582 ad·
632 2529 739 2579 eoelum
749 2523 917 2577 stridentibus
930 2523 1030 2576 extulit
1041 2521 1101 2583 alis,

356 2649 402 2699 515
415 2631 447 2682 Et
458 2630 572 2682 multum
583 2604 636 2679 lete
649 2622 768 2692 disperfit
779 2620 808 2673 in
820 2637 927 2690 equore
940 2637 1050 2681 rorents

410 2727 507 2782 Infelix
519 2698 599 2796 virgo
609 2721 787 2792 nequicquam
799 2732 886 2771 morte
895 2720 1005 2787 recepti

409 2828 541 2878 Incultum
551 2822 616 2876 solis
626 2821 655 2872 in
666 2818 775 2887 rupibus
787 2816 873 2888 exigit
884 2834 975 2888 aevump
986 2856 995 2881 ‚

410 2922 545 2990 Rupibus,
559 2923 585 2974 ὅ(
594 2912 710 2989 scopulis
722 2957 730 2983 ,
744 2915 917 2970 &littoribus
929 2914 1051 2968 desertis.

397 3034 400 3039 ·
411 3021 467 3071 Nec
473 3033 562 3071 tamen
567 3019 619 3072 hoc
625 3018 723 3071 iterum
729 3030 810 3084 poena
816 3012 884 3065 fine:
893 3028 1009 3081 namque
1016 3006 1121 3065 Deunl

358 3114 516 3188 5200mnia
525 3114 571 3186 qui
580 3113 695 3185 imperio
708 3128 835 3168 terrarum
844 3108 929 3164 millia
937 3111 1045 3174 versat,
