2700 3925
298 603 353 701 76
498 598 835 686 AEtvarnos

296 763 423 831 Spondeo
435 763 514 834 digna
523 765 576 818 tuis
586 765 737 836 ingentibus
750 765 842 820 omnia
852 766 958 839 coeptis.

296 862 418 931 Namque
429 861 480 915 erit
491 862 536 916 ista
545 864 612 917 milti
625 865 760 935 genitrix,
776 883 929 937 nomenque
939 862 1025 919 Creiso

297 960 391 1012 Solum
403 960 533 1023 defirerit3
548 979 597 1015 nec
608 976 713 1031 partum
725 964 808 1033 gratia
817 966 899 1018 talem

297 1058 381 1111 Parva
391 1074 479 1111 manet
489 1099 497 1123 ,
509 1060 582 1113 casus
592 1060 861 1131 salium-quicumque
874 1062 1013 1131 sequennu.

244 1156 353 1209 300Per
365 1170 443 1225 eaput
454 1158 507 1208 hoc
518 1157 578 1223 juro
589 1197 596 1222 ,
609 1175 657 1227 pet
666 1161 740 1228 quod
748 1174 824 1228 pater
835 1159 897 1213 ante
908 1160 1012 1212 solebat:

299 1255 367 1320 Quae
376 1254 425 1305 tibi
434 1253 566 1322 polliceor
574 1256 663 1308 reduci
674 1295 682 1320 ,
695 1256 824 1326 rebusque
835 1256 974 1319 secundis,

298 1351 363 1403 Haec
374 1352 466 1403 eadem
475 1351 605 1420 matrique
615 1366 685 1415 tun,
698 1332 841 1422 genitique
854 1353 1000 1405 manebunt.

335 1447 380 1501 Sic
392 1448 429 1499 ait
440 1448 610 1517 illacrymans
621 1466 628 1499 :
638 1447 751 1500 humero
763 1446 839 1500 sttnul
849 1449 937 1502 exsuit
947 1449 1023 1503 ensem

299 1547 428 1599 Auratum
440 1586 447 1611 ‚
463 1544 532 1598 miri
541 1562 621 1615 quem
632 1545 729 1597 fecerat
738 1559 793 1597 arte
803 1546 915 1615 Lycaon

244 1646 292 1699 3⁶5
305 1645 437 1711 Gnosius,
450 1659 528 1714 atque
538 1644 652 1696 habilem
661 1642 758 1713 vagind
769 1642 871 1711 aptdrat
881 1642 985 1697 eburni.

296 1744 353 1795 Dat
363 1742 430 1794 Niso
440 1723 593 1799 Mnestheus
605 1742 704 1809 pellem
716 1779 723 1804 ‚
736 1740 923 1810 horrentisque
932 1739 1010 1794 leonis

296 1839 427 1892 Exsuvias
440 1858 447 1892 ε
465 1841 566 1909 galeam
578 1836 646 1891 fidus
655 1851 788 1907 permutat
799 1839 919 1893 Alerhes.

296 1938 422 1992 Protinus
432 1936 525 1991 armati
535 1937 659 1991 incedunt
671 1978 679 2002 ,
692 1954 760 2007 qnos
772 1935 862 1990 omnis
874 1951 968 1990 euntes

298 2037 450 2115 Primorum
457 2036 893 2105 manusadpottasduvenumque,
901 2036 1032 2102 senumque

244 2110 473 2204 310Pri3'sequitur
480 2134 571 2193 votis3
583 2150 632 2186 nec
644 2150 700 2186 non
710 2133 736 2184 δε
748 2132 856 2200 pulcher
866 2132 963 2196 Iiilus„

299 2234 369 2284 Ante
380 2248 464 2284 annos
474 2229 645 2299 animumque
657 2246 766 2300 gerens,
777 2245 919 2298 curamque
928 2230 1033 2288 virilem,

299 2331 387 2381 Multa
398 2327 466 2397 patri
476 2329 605 2396 portanda
616 2329 692 2379 dabat
701 2327 831 2378 mandata.
841 2326 894 2378 Sed
905 2343 974 2379 aurae

300 2426 401 2478 Omnia
414 2426 563 2494 discerpunt
576 2464 583 2489 ‚
596 2425 623 2478 ἃ
634 2424 746 2477 nubibus
759 2422 832 2476 irrita
844 2424 955 2478 donant.

336 2517 432 2595 Egressi
442 2525 564 2592 superant
572 2522 650 2576 sosias
661 2563 668 2587 ‚
686 2521 822 2591 nullisque
832 2538 880 2590 per
889 2523 1004 2574 umbrant

246 2632 294 2687 315
306 2621 393 2677 Castra
405 2620 513 2674 inimica
525 2634 620 2689 petunt
632 2661 639 2683 ‚
651 2618 744 2672 multis'
756 2634 845 2671 tamen
855 2617 917 2671 ant‘e
927 2616 1004 2671 futuri
1029 2628 1030 2633 ’

277 2736 286 2750 ·
300 2721 401 2775 Exitio.
414 2717 506 2771 Passim
517 2718 585 2771 vino
596 2718 744 2785 somnoque
755 2733 802 2784 per
811 2716 920 2768 herbam

300 2824 423 2888 Corpora
432 2816 487 2870 susa
496 2815 588 2867 vident
598 2832 607 2873 ·,
623 2812 738 2865 arreelos
748 2811 840 2865 littore
850 2829 957 2876 currus,

299 2921 372 2971 inter
383 2919 441 2970 lora
452 2913 574 2981 rotasque
585 2910 662 2961 viros
673 2947 681 2970 ‚
697 2908 772 2960 simul
785 2926 855 2960 arma
867 2908 971 2975 jacere,

300 3015 374 3066 Vitta
383 3012 468 3065 simul.
481 3010 559 3062 Prior
568 3005 727 3076 Hyrtacides
740 3006 774 3058 fic
783 3023 831 3058 ore
840 3007 964 3058 locutus:

246 3123 297 3175 320
305 3113 418 3181 Euryale
431 3149 438 3177 ,
449 3109 597 3162 audendum
608 3103 701 3156 dextri
714 3122 721 3156 ι
734 3121 803 3156 nunc
816 3103 871 3172 ipsa
883 3117 964 3159 vocat
972 3116 1019 3154 res.

300 3209 359 3261 llic
370 3208 420 3261 iter
431 3205 468 3260 est
478 3223 485 3257 ε
496 3219 526 3257 tu
536 3243 544 3268 ,
555 3216 653 3272 nequa
663 3201 793 3276 manusse
804 3201 926 3254 attollere
936 3199 1011 3254 nobis

300 3307 325 3358 Α
336 3321 412 3379 tergo
425 3300 503 3375 poffit
514 3340 521 3368 ‚
537 3298 637 3356 custodi
648 3338 656 3365 ,
669 3299 696 3354 δι
707 3297 814 3354 consule
825 3297 916 3370 longi.

241 3463 314 3666 ἱ.
