2700 3925
302 387 1020 478 aeffffltfflfffesswffl

347 548 997 634 ARGUMENTUM

450 687 619 759 LIBRI
655 686 902 759 DECIMI.

299 798 498 931 JUPITER
507 852 673 920 advocatis
681 852 778 934 Diis,
783 851 906 951 frustra
916 873 1020 920 conatu

299 951 458 1021 lunonem
470 974 508 1017 ac
524 952 670 1017 Venerem
684 950 720 1016 in
734 950 936 1017 concordiam
945 952 1020 1017 adiu·

302 1074 387 1129 cere,
406 1050 442 1114 de
460 1046 670 1134 Trojanerum
684 1046 940 1138 Rutulorumque
959 1048 1020 1114 rehu

301 1147 383 1213 inter
391 1145 429 1235 fe
450 1141 648 1237 diffidentes,
666 1144 908 1234 pronuntiatse
919 1164 1020 1211 neutra·

301 1267 369 1309 rum
378 1240 601 1331 partiumforc.
610 1240 1018 1334 Rutuliadoppugnandau

304 1339 439 1427 Trojani
460 1339 507 1406 ad
529 1336 757 1424 defendendam
780 1338 884 1405 urbem
909 1342 1019 1406 redeunt

301 1441 448 1523 AEncas,
471 1434 603 1505 colleilis
624 1435 661 1499 in
675 1433 808 1500 Etruria⁴
822 1436 978 1520 auxiliis,
997 1458 1020 1500 at

292 1534 374 1624 suos
384 1535 487 1619 redit,
504 1557 554 1625 30
564 1530 697 1598 navium·
710 1526 800 1625 claffc
812 1531 933 1599 aniius.
944 1534 1020 1622 Nym

296 1632 407 1721 phas,
421 1628 512 1720 isuis
523 1628 659 1697 navibus
671 1654 738 1695 eam
750 1632 787 1694 in
798 1628 938 1717 speciem
945 1629 1020 1720 paui

302 1730 379 1795 anti
401 1728 663 1819 transformatus,
687 1725 724 1792 in
736 1724 847 1793 itinere
858 1728 967 1794 obvias
981 1726 1020 1792 ba·

303 1827 363 1896 lut.
373 1826 428 1893 Ab
438 1826 477 1893 iis
487 1825 524 1891 dc
526 1823 659 1912 ficorum
661 1822 801 1911 periculo
812 1824 925 1891 certior
925 1821 1020 1913 fufius

293 1923 358 2015 stab
367 1924 505 2013 primam
516 1924 614 1990 lucem
622 1915 786 2009 pr‘ovec‘ius
802 1919 840 1986 in
857 1919 1020 2012 consptiiut

303 2021 458 2119 hostium,
479 2019 645 2087 exercitum
658 2017 693 2083 in
709 2019 799 2086 littus
812 2021 961 2106 exponit.
979 2017 1020 2086 Oc

304 2136 432 2184 currunt
446 2117 584 2201 Rutuli,
608 2110 823 2211 tommiffoque
844 2118 939 2207 gravi
952 2137 1020 2184 terta

304 2214 387 2280 minc
405 2264 416 2298 ,
437 2213 554 2280 Pallas
577 2239 598 2278 a
617 2211 726 2279 Turno
751 2212 905 2280 occiditur
924 2210 1020 2298 :cuju

303 2335 405 2378 necem
417 2306 487 2376 cim
499 2309 689 2400 ulcisceretur
698 2308 820 2376 AEneas
833 2315 956 2402 magnei
960 2309 1020 2408 stra

300 2433 338 2502 ge
349 2459 360 2493 ,
375 2409 404 2476 6·
416 2407 577 2500 Ascanius
586 2405 744 2494 eruptione
748 2402 844 2492 stilti
853 2409 962 2496 copias
961 2406 1020 2496 sua

298 2507 442 2598 paternis
457 2498 678 2599 adjunxiffen
698 2500 786 2570 Juno
805 2500 838 2569 T
834 2527 949 2570 ternum
963 2525 1020 2592 pra

294 2604 382 2693 senti
388 2603 530 2692 periculo
537 2602 643 2691 eripit,
652 2596 771 2687 objeHd
777 2599 827 2665 illi
828 2597 930 2686 falsa⁴
934 2601 1020 2666 AEnct

303 2701 441 2793 imagine
465 2727 477 2769 .·
503 2724 598 2790 quam
619 2698 673 2762 ille
682 2770 685 2777 ,
685 2692 863 2787 fugientem
886 2701 933 2764 ad
951 2696 1020 2786 usqu

304 2822 417 2865 navem
430 2798 506 2864 dum
512 2795 676 2885 sequitur,
690 2793 872 2860 retinaculis
884 2819 905 2860 a
917 2794 1020 2864 Junon

304 2894 404 2982 ruptis
423 2896 468 2961 ad
488 2895 598 2960 littora
618 2891 728 2958 Ardea
748 2890 901 2978 proxima
915 2892 950 2959 vi
964 2913 1020 2958 tem

299 2989 433 3086 peslatis
455 2987 618 3076 abripitur·
645 2986 824 3077 Mercurius
843 3011 961 3080 pugna
980 3009 1020 3074 pn

306 3086 414 3156 Turno
427 3085 618 3178 succedens,
645 3079 773 3171 &filius
788 3084 940 3177 Mezentii
954 3083 1019 3148 Lau

295 3184 382 3271 sus,
402 3184 443 3254 ab
454 3183 563 3254 AEnea
576 3181 767 3252 occiduntur.
909 3275 978 3331 HR
988 3270 1020 3326 El
