2700 3925
370 434 447 509 170
560 403 889 487 AEavuroos

361 571 475 625 Sublatis
487 571 589 641 aperire
598 572 667 626 dolis
678 592 686 627 t
699 572 775 625 simul
786 574 839 627 hoc
850 573 942 627 animo
954 572 1031 627 hauri·

360 668 409 721 Me
421 683 509 722 natam
520 669 587 721 nulli
598 684 722 722 veterum
731 669 832 723 sociare
842 688 987 740 procorum

360 765 408 817 Fas
415 766 559 836 erat-,idque
566 766 782 836 omnesDivique
788 768 964 839 hominesque
970 768 1061 822 canebat

359 862 455 915 Victus
465 881 556 917 amore
565 863 619 929 nti,
630 879 746 935 cognato
755 865 883 936 sanguine
892 866 995 933 victus,

305 970 339 1023 30
360 958 488 1029 Coniugis
499 962 525 1012 δι
535 960 634 1013 moeste
643 962 770 1032 lacrymis
780 1002 788 1026 ‚
800 962 890 1016 vincla
900 964 992 1016 omnia
1002 960 1055 1032 rupi

358 1057 512 1111 Promissam
525 1058 612 1127 eripui
621 1076 739 1129 genero,
754 1076 827 1112 arma
836 1060 921 1130 impia
930 1060 1032 1130 sumpsi.

357 1157 399 1208 Ex
409 1156 458 1208 illo
470 1156 516 1226 qui
528 1174 571 1209 me
581 1156 654 1209 casus
666 1194 674 1220 ,
693 1173 770 1225 ςυστ,
782 1157 873 1210 Turne
884 1196 892 1221 ‚
906 1158 1044 1227 sequantur

356 1254 430 1307 Bella
441 1292 449 1318 ,
460 1255 553 1316 vides;
565 1269 679 1325 quantos
691 1255 795 1323 primus
803 1254 905 1324 patiare
913 1258 1027 1311 labotes.

356 1352 401 1406 Bis
414 1352 507 1423 magna
516 1351 582 1406 visti
591 1342 679 1422 pugni
691 1352 742 1404 vix
752 1353 817 1406 urbe
826 1366 936 1405 tuemur

300 1459 313 1512 3
320 1462 331 1513 5
353 1450 420 1517 Spes
430 1452 508 1504 Italas
520 1469 528 1505 ι
540 1453 658 1505 recalent
667 1449 758 1503 nostro
767 1449 905 1520 Tyberim
914 1449 1015 1504 fluenta

353 1546 487 1617 Sanguine
496 1548 596 1611 adhuc,
612 1549 752 1618 campique
764 1547 886 1618 ingentes
896 1548 994 1602 offihus
1003 1548 1061 1602 albu

353 1640 418 1709 Quo
428 1644 529 1698 referor
540 1646 620 1697 toties
631 1649 643 1698 ἓ
655 1664 714 1716 quae
727 1660 846 1698 mentem
855 1643 958 1697 insania
969 1645 1061 1698 mutat?

353 1739 400 1806 Si,
415 1741 509 1795 Turno
521 1741 668 1808 exstincto,
682 1743 770 1798 socios
780 1743 838 1795 sum
847 1742 947 1795 adscire
957 1756 1055 1811 paratus

354 1842 409 1893 Cur
419 1857 476 1893 non
489 1839 618 1894 incolumi
629 1842 720 1909 potius
731 1840 877 1894 certamina
888 1842 981 1894 tollo?

294 1952 331 2000 40
351 1938 423 2006 Quid
434 1938 624 2010 consanguinei
635 1937 729 1992 Rutuli
741 1977 750 2002 ‚
766 1937 831 2008 quid
840 1952 929 1991 cetera
938 1936 1008 1991 dicet

350 2036 444 2101 Italia,
461 2039 493 2089 ad
502 2052 616 2090 mortem
626 2036 646 2089 si
657 2051 684 2088 te
695 2035 706 2102 (
716 2037 780 2089 Fors
793 2035 861 2088 dista
872 2036 988 2105 refutet)

314 2112 322 2120 ’
350 2133 514 2185 Prodiderim
527 2172 534 2198 ‚
551 2150 639 2187 natam
650 2136 677 2188 &
688 2133 820 2187 connubia
831 2133 921 2187 nostra
930 2142 1057 2203 petentem

349 2230 460 2299 Respice
469 2248 511 2284 res
521 2233 592 2284 bello
603 2231 692 2284 varias
704 2251 711 2285 ι
725 2231 850 2284 miserete
859 2232 979 2300 parentis

349 2328 496 2401 Longaevi,
510 2346 589 2398 quem
598 2345 669 2381 nunc
678 2327 803 2380 moestum
813 2328 899 2397 patria
909 2329 995 2382 Ardea
1003 2326 1061 2394 long·

291 2444 325 2495 45
347 2428 463 2483 Dividit.
475 2427 554 2480 Haud
562 2442 693 2496 quaquam
704 2424 781 2479 dinis
790 2424 924 2477 violentia
932 2423 1016 2477 Turni

348 2525 492 2579 flectitur:
505 2524 644 2592 exsuperat
654 2521 738 2592 magis
751 2561 759 2586 ‚
772 2521 943 2592 egrescitque
953 2515 1061 2573 medendt

348 2624 387 2674 Ut
399 2620 514 2691 ptimsnn
525 2620 574 2673 sari
585 2619 692 2688 potuit,
709 2619 743 2670 fic
755 2617 849 2670 institit
861 2635 909 2672 ore
921 2637 929 2672 t

349 2719 437 2784 Quam
443 2734 493 2786 pro
501 2733 543 2768 me
550 2732 638 2768 curam
645 2713 1061 2784 geris‚hancprecor,optime,pto:

348 2817 478 2884 Deponas
488 2854 497 2879 ,
509 2815 663 2883 lethumque
672 2812 739 2865 sinas
751 2828 801 2881 pro
811 2813 887 2864 laude
897 2811 1002 2880 pacisci.

295 2927 327 2979 50
347 2914 380 2966 Et
391 2928 442 2964 nos
454 2914 526 2976 tela,
542 2911 636 2973 Pater,
650 2910 802 2978 ferrumque
813 2909 883 2962 haud
893 2910 979 2970 debile
988 2911 1061 2963 nexta

348 3008 520 3080 spargimus,
536 3008 563 3060 δι
574 3005 664 3062 nostro
672 3007 791 3075 sequitur
801 3007 833 3060 de
844 3009 957 3061 vulnere
966 3002 1061 3077 sanguin

348 3107 440 3182 Longe
451 3106 491 3162 illi
501 3107 560 3160 Dea
569 3120 653 3160 mater
661 3104 730 3172 erit,
743 3122 801 3176 qua
811 3107 880 3160 nube
890 3106 1008 3179 fugacem
