2700 3925
477 423 729 512 Linea
777 423 868 510 XI.
964 455 1035 528 ¹4¹

284 574 345 640 Hic
356 602 457 641 matres
468 629 475 654 ,
488 590 644 659 miseraque
654 592 873 656 nunn,h1ccata
885 591 1008 645 sororum
1047 600 1098 652 215

291 674 408 737 Pectora
418 701 599 750 moerentum,
610 686 739 756 puerique
749 687 901 756 parentibus
914 686 973 740 orbi

291 774 395 834 Dirum
405 782 576 835 exsecrantur
584 783 699 847 bellum,
708 783 847 853 Turnique
854 784 1009 853 hymeneos
1020 800 1029 842 ·‚

290 868 497 944 loramentis,
512 877 651 948 ipsumque
660 877 752 943 iubent
761 882 901 933 decernere
910 880 1000 942 fetro,

292 970 351 1040 Qui
361 992 477 1047 regnum
485 975 570 1030 Italiae
580 977 607 1029 dt
618 976 721 1044 primos
729 975 777 1029 fibi
789 976 881 1044 poscat
890 976 1019 1029 honores.

292 1065 423 1142 Ingravat
431 1074 489 1126 haec
498 1073 584 1126 saevus
593 1074 731 1136 Drances,
744 1073 883 1141 solumque
891 1072 985 1125 vocari
1050 1084 1104 1124 220

293 1165 421 1225 Testatur
433 1211 442 1236 ,
458 1171 546 1224 solum
556 1170 631 1240 posci
640 1170 669 1223 in
677 1170 822 1224 certamina
832 1171 963 1225 Turnum.

295 1262 388 1321 Multa
396 1268 474 1321 fimul
483 1267 576 1323 contri
584 1267 668 1322 variis
677 1266 809 1320 sententia
820 1266 900 1343 diffie

295 1358 353 1417 Pro
362 1364 457 1417 Turno
467 1403 475 1429 ‚
489 1365 517 1417 ἃ
528 1382 653 1435 magnum
662 1364 773 1435 Reginae
782 1379 883 1417 nomen
892 1364 1028 1417 obumbrat
1038 1383 1046 1417 r

297 1458 388 1514 Multa
398 1462 491 1515 virum
502 1462 605 1515 metitis
616 1462 740 1515 sustentat
751 1460 819 1515 fama
828 1460 946 1532 ttopaeis.

335 1559 396 1612 Hos
408 1557 598 1623 inremotus,
611 1558 702 1611 medio
714 1557 743 1610 in
754 1558 881 1629 flagrante
890 1560 1023 1625 tumultu,
1050 1577 1099 1629 225

302 1654 367 1709 Ecce
379 1656 459 1724 super
470 1654 559 1707 tnoesti
570 1672 665 1725 magna
673 1655 815 1709 Diomedis
826 1657 857 1709 ab
865 1635 930 1710 urite

300 1750 393 1822 Legati
402 1752 529 1821 response
537 1753 641 1806 ferunt:
652 1752 720 1806 nihil
730 1753 854 1807 omnibus
863 1733 951 1807 adium

301 1850 451 1903 Tantorum
460 1848 585 1918 impenfis
592 1851 839 1920 operumrnildona
846 1867 933 1921 neque
939 1867 1047 1914 eumen,

303 1948 358 2000 Nec
369 1963 479 2017 magnas
490 1945 600 2007 valuiffe
612 1965 703 2017 preces
714 1968 721 2001 ε
732 1947 783 2001 alie
795 1966 866 2002 anna
875 1945 975 2002 Latinis

304 2047 470 2112 Quaerenda,
482 2059 528 2099 aut
536 2063 629 2115 pacem
637 2045 867 2119 Trojanoabrege
876 2048 1027 2118 petendum.
1051 2063 1104 2119 230

304 2140 404 2196 Deficit
413 2142 517 2213 ingenti
526 2142 598 2195 luctu
607 2159 656 2195 rex
664 2143 720 2212 ipse
730 2143 847 2199 Latinus.

307 2241 419 2294 fantem
431 2239 533 2293 AEnean
542 2239 678 2293 manifesto
688 2241 797 2294 nurnine
807 2242 869 2296 ferri

305 2338 439 2392 Admonet
447 2337 487 2391 ira
495 2338 584 2391 Dedm
594 2377 601 2402 ‚
611 2341 759 2408 tumulique
769 2356 829 2394 ante
839 2357 885 2395 ora
894 2355 1022 2396 recentes.

304 2437 374 2508 Ergo
386 2435 532 2490 concilium
544 2452 684 2506 magnum,
697 2435 850 2506 primosque
861 2438 969 2489 suorum

304 2533 423 2604 Imperio
435 2533 534 2586 accitos
545 2535 597 2585 alta
606 2532 674 2586 intra
682 2532 777 2586 limina
786 2533 868 2603 cogit.
1051 2549 1100 2604 235

306 2630 363 2684 Olli
374 2647 542 2695 convenere,
555 2629 693 2700 fluuntque
704 2633 736 2682 ad
745 2631 816 2701 regia
825 2630 911 2700 plenis

305 2729 386 2782 Testa
399 2728 464 2783 viis.
477 2729 556 2782 Sedet
568 2728 596 2780 in
607 2729 720 2794 mediis,
733 2730 760 2782 δι
772 2729 903 2782 maximus
915 2746 991 2794 aevo,

304 2827 335 2879 Et
345 2826 450 2896 primus
462 2826 572 2896 sceptris
584 2866 591 2889 ‚
601 2827 671 2879 haud
680 2826 740 2879 laetd
752 2827 857 2890 fronte,
873 2826 992 2882 Latinus.

304 2927 392 2995 Atque
403 2924 448 2978 hic
460 2925 563 2994 legatos
575 2923 664 2976 AEtola
674 2940 710 2976 ex
720 2925 784 2976 urbe
800 2921 937 2989 remiss'os‚

304 3023 373 3088 Quae
384 3022 500 3075 referant
512 3060 519 3084 ,
531 3019 581 3074 fari
591 3017 680 3084 iuben,
693 3020 719 3072 δι
728 3019 852 3089 responsa
861 3022 975 3090 reposcit
989 3033 992 3039 '
1049 3039 1104 3092 240

305 3120 409 3178 Ordine
421 3117 514 3176 cuncta
525 3118 583 3178 suo.
595 3117 666 3171 Tum
676 3115 743 3172 faeta
753 3115 855 3174 selentia
865 3117 982 3192 linguis,
