2700 3925
368 378 445 454 218
578 371 916 454 Vrrrurarr

364 532 462 584 Blanda
473 549 542 585 voce
552 533 650 602 sequax
660 532 801 602 regionem
809 532 941 586 insederat
954 530 1049 603 Orphei

360 629 473 698 Jamque
485 628 567 682 imam
578 629 659 681 viridi
669 629 784 682 radicem
796 644 922 682 moverat
932 628 986 684 alte

305 726 482 792 assoQuercus
488 727 582 790 humo,
589 723 765 804 steterantque
772 742 866 779 amnes
874 746 881 780 :
889 726 1024 798 sylvaeque
1029 726 1052 782 su

361 824 464 893 Sponte
474 826 518 876 sua
529 839 620 877 cantus
631 823 767 892 rapiebant
777 823 880 877 cortice
891 842 989 882 amara.

361 921 490 976 Labeates
499 920 602 992 bijuges
614 920 696 974 etiam
706 937 754 990 per
759 919 846 1002 ¹fidera
855 922 932 976 Luna

360 1019 451 1074 Preffit
461 1036 545 1089 equos
557 1038 565 1072 ε
581 1019 609 1073 dt
623 1035 653 1071 tu
664 1020 794 1072 currentis
807 1019 941 1075 menstrua
951 1021 1026 1094 virgo

361 1117 489 1170 Auditum
500 1118 587 1187 lyrarn
596 1114 703 1168 tenuisti
712 1113 792 1169 noste
802 1115 904 1172 relista.

305 1219 339 1270 28
346 1234 355 1283 5
362 1216 426 1267 Haec
436 1215 527 1267 eadem
539 1215 628 1283 potuit
640 1211 715 1265 Ditis
725 1228 752 1265 te
761 1213 872 1267 vincere
882 1215 1018 1283 conjunx,

360 1312 573 1383 Eurydicenque
582 1313 654 1364 ultro
664 1311 810 1364 ducendam
821 1315 949 1368 redderet
961 1313 1053 1368 nouias

359 1414 424 1464 Non
435 1425 491 1465 erat
502 1411 531 1464 in
539 1395 624 1463 vitani
633 1408 714 1462 Diva
724 1410 861 1463 exorabile
872 1428 982 1468 numen.

358 1509 407 1562 Illa
419 1508 527 1578 quidem
537 1507 649 1559 nimium
660 1506 756 1560 Manes
765 1522 878 1575 experta
886 1508 995 1564 severos

358 1604 523 1672 Praeceptum
534 1603 649 1674 fignabat
659 1603 727 1658 iter:
741 1620 791 1657 uec
803 1605 907 1659 rettulit
918 1606 990 1662 intus

303 1701 488 1768 290Lurnina‚
504 1717 554 1755 nec
565 1700 646 1753 Diva
658 1701 779 1771 corrupit
791 1695 902 1764 munera
911 1704 1010 1776 lingua.

358 1802 411 1854 Sed
422 1816 452 1854 tu
460 1799 573 1855 crudelis
583 1783 597 1865 ,Ι
604 1799 716 1853 crudelis
727 1816 756 1852 tu
768 1801 854 1871 magis
865 1841 873 1868 ,
886 1801 1014 1872 Orpheu‚

360 1899 459 1964 Oscula
470 1916 528 1951 cara
538 1914 630 1969 petens
641 1896 734 1967 rupisti
746 1881 809 1963 jussa
820 1900 954 1953 Deorum.

358 1998 465 2068 Dignus
476 2015 551 2051 amor
563 1997 661 2061 venia,
679 2013 791 2064 parvum
801 1997 820 2048 fi
829 1996 942 2051 Tartara
950 1995 1049 2051 noffent

359 2097 498 2149 Peccatum
510 2094 641 2165 ignovisse
652 2114 658 2147 ι
670 2095 714 2147 sed
724 2095 751 2145 δι
759 2110 812 2147 vos
823 2093 884 2147 sede
894 2094 1019 2163 piorum,

305 2194 419 2274 295Vos
430 2207 519 2245 manet
529 2193 651 2246 Heroum
661 2206 753 2244 contra
763 2208 857 2244 manus
868 2211 875 2244 z
885 2193 931 2245 hic
941 2193 967 2245 δι
978 2207 1053 2263 uterq

358 2290 488 2345 AEacides.
496 2291 590 2343 Peleus
600 2307 715 2359 namque
726 2289 752 2341 δι
760 2288 920 2343 Telamonia
930 2291 1017 2345 virtus

359 2388 409 2443 Per
418 2390 506 2443 secura
517 2388 599 2459 patris
610 2390 733 2440 laetantur
744 2385 855 2439 numina
865 2404 872 2438 :
882 2403 1000 2456 quotum

360 2488 509 2541 Connubiis
519 2487 613 2537 Venus
624 2524 632 2549 ,
644 2485 670 2536 ἃ
681 2484 768 2535 virtus
780 2480 899 2547 injunxit
907 2485 1049 2539 honorem.

359 2586 438 2637 Hunc
449 2583 536 2653 rapuit
548 2582 623 2634 serva
634 2600 642 2634 ε
656 2579 693 2633 ast
702 2580 777 2632 illum
787 2578 882 2631 Nereis
892 2581 1005 2645 amauit.

306 2683 457 2754 302Affidet
465 2684 514 2735 hac
525 2676 631 2747 juvenis
642 2717 650 2742 ,
662 2676 745 2729 sociat
755 2692 834 2745 quem
846 2676 934 2747 gloria
945 2716 952 2740 ,
965 2677 1054 2743 fortia,

359 2783 446 2842 Acer,
463 2772 611 2832 inexcuffus
624 2813 632 2838 ‚
644 2771 762 2825 referens
770 2789 785 2825 a
794 2772 907 2825 navibus
918 2774 990 2844 ignis

358 2875 491 2947 Argolicis
502 2871 633 2944 Phrygios
644 2884 725 2921 torva
733 2867 837 2923 feritate
847 2872 982 2939 repulsos.

359 2975 386 3026 0
397 2972 456 3042 quis
467 2989 523 3047 non
532 2971 628 3025 reserat
638 2967 699 3039 talis
709 2965 825 3021 divortia
833 2966 912 3033 belli,

359 3073 426 3141 Qua
435 3058 707 3139 ar'ojaevuerevni,
722 3052 868 3137 videreque
878 3050 979 3125 olari
