2700 3925
380 422 434 531 98
580 412 927 497 AErvarnos

379 575 526 633 Ohfidione
535 577 624 632 fines?
635 578 719 631 mutis
731 577 829 631 iterum
841 577 965 631 imminet
974 574 1046 631 hoffir

377 672 516 728 Nascentis
527 672 632 741 Troia,
643 690 759 727 necnon
769 676 903 729 exercitus
916 677 998 728 alter:

376 770 467 843 Atque
476 772 573 826 iterum
582 773 612 825 in
621 774 742 827 Teucros
753 773 853 827 AEtolis
864 773 949 845 surgit
959 774 992 827 ab
1003 774 1046 841 deq

377 869 506 939 Tydides.
516 870 663 939 Equidem,
679 872 759 925 eredo
769 910 780 936 ,
792 868 976 925 neae-ulnera
985 870 1046 926 resta

324 964 360 1019 30
378 966 412 1019 Et
421 982 465 1019 tua
473 964 616 1036 progenies
627 966 752 1020 mortalia
763 968 890 1021 demoror
898 984 983 1024 mma

378 1062 408 1116 Si
416 1061 471 1115 fine
479 1077 543 1132 paee
552 1076 598 1116 tua
607 1076 686 1134 arque
696 1063 785 1119 invito
794 1064 906 1120 numine
914 1065 1003 1122 Troes

376 1158 477 1213 Italiam
487 1158 589 1229 petiere
598 1180 608 1222 ς
618 1163 694 1216 luant
703 1178 810 1231 peccata
819 1199 828 1227 ‚
837 1179 927 1232 neque
936 1162 1002 1219 illos

375 1256 484 1311 iuverit
499 1256 612 1328 auxilio.
624 1258 673 1313 Sin
684 1274 727 1313 tot
740 1258 865 1329 responsa
877 1260 982 1325 secuti,

378 1354 852 1426 QuaeSuperiManesquedabanueur
857 1355 1046 1429 nuncnaqud

323 1456 354 1512 35
377 1452 490 1507 Vertere
499 1452 565 1520 iuffa
575 1452 683 1524 potest?
695 1469 741 1507 aut
751 1470 797 1507 eur
808 1469 881 1507 nova
889 1456 1007 1508 condere
1017 1455 1046 1509 iat

377 1549 451 1618 Quid
461 1566 580 1621 repetam
591 1549 695 1605 enrstas
705 1549 822 1621 Erycino
831 1550 860 1602 in
868 1549 963 1605 littore
974 1549 1046 1606 clade

375 1647 451 1716 Quid
459 1648 644 1718 tempestatum
653 1650 773 1721 Regem.
784 1647 934 1719 ventosque
945 1649 1046 1704 fruente

376 1743 469 1799 AEolia
479 1745 585 1801 excitos
595 1783 604 1811 ‚
616 1761 662 1801 aut
671 1745 756 1800 aetam
765 1744 877 1800 nubibus
886 1745 953 1800 Irim
963 1748 977 1801 ἓ

375 1844 456 1898 Nune
464 1843 546 1898 etiam
555 1843 650 1898 Manes
661 1842 672 1910 (
682 1844 738 1897 hnc
746 1843 875 1897 intentata
883 1844 1010 1896 manebat

320 1949 358 2000 40
376 1942 440 1996 Sors
450 1959 539 1996 rerum
549 1941 562 2009 >
571 1956 666 1996 movet
675 1960 684 1997 r
694 1942 721 1997 dt
733 1939 834 2011 superis
843 1938 1046 2012 immiffarepen

376 2039 472 2094 Aledio
482 2079 491 2105 ,
507 2039 608 2094 medias
618 2040 714 2094 italum
725 2040 847 2093 bacchata
857 2054 906 2108 per
917 2040 1008 2095 urbes.

376 2138 423 2190 Nil
435 2138 512 2206 super
524 2136 640 2206 imperio
651 2152 783 2190 moveor:
796 2133 963 2204 speravimus
973 2134 1036 2202 ista,

376 2237 452 2289 Dum
463 2236 570 2289 fortuna
580 2235 649 2290 fuit:
659 2236 769 2290 vincant
780 2274 789 2299 ,
801 2249 870 2303 quos
878 2233 992 2288 vincere
1002 2251 1046 2288 ma

377 2333 406 2385 Si
419 2333 491 2386 nulla
502 2331 539 2385 est
551 2331 626 2403 regio
639 2333 767 2396 ‚Teucris
778 2347 858 2400 quam
868 2331 914 2383 det
926 2345 973 2385 tua
982 2329 1046 2399 coni

324 2439 358 2497 45
378 2432 454 2486 Dura
464 2450 472 2486 ι
483 2448 532 2501 per
541 2431 657 2494 werin,
667 2431 773 2500 genitor
787 2469 793 2483 ,
805 2427 934 2482 fumantia
944 2422 1038 2495 Troia

378 2531 488 2595 Excidia
499 2527 634 2588 obtestor3
650 2527 728 2580 liceat
739 2526 872 2578 dimittere
881 2525 915 2577 ab
923 2526 1005 2578 armis

377 2625 544 2684 incolumem
553 2626 710 2688 Ascanium,
722 2624 802 2677 liceat
810 2621 939 2692 superesse
949 2636 1046 2692 nepote

379 2712 478 2780 AEneas
490 2723 552 2779 sane
561 2724 662 2795 ignotis
671 2721 781 2787 iadietur
790 2723 819 2774 in
827 2719 924 2780 ondita

380 2825 428 2890 Et,
439 2838 633 2893 quamcumque
643 2819 717 2874 viam
728 2798 829 2872 dederit
842 2818 949 2872 fortuna
961 2857 970 2883 ‚
983 2819 1046 2890 sequ

328 2929 360 2981 50
380 2921 459 2974 Hunc
471 2935 559 2991 tegere
569 2957 578 2983 ,
589 2919 616 2972 dt
625 2918 688 2971 dirae
696 2919 801 2970 valeam
811 2917 953 2970 subducere
962 2933 1046 2988 pugna

380 3010 572 3082 EstAmathus',
581 3014 618 3069 est
623 3013 690 3068 celsa
696 3013 762 3066 mihi
769 3013 889 3082 Paphos,
901 3027 981 3083 atque
988 3017 1046 3087 Cyt'

379 3115 521 3190 Idaliaeque
531 3115 643 3170 domust
654 3110 748 3184 pofitis
757 3109 889 3186 inglorius
898 3110 979 3168 umis
