2700 3925
416 436 664 520 Lrnaa
711 432 835 519 XII.
900 440 976 547 189

276 597 339 668 ipuit
348 599 442 650 Turno
455 617 461 651 :
475 615 524 651 nec
534 597 686 655 Diitexere
700 600 870 667 Cupencum,

276 688 550 759 neavenientedui':
563 696 634 748 dedit
645 695 726 747 obvia
734 695 805 748 ferro
986 706 1039 759 540

276 792 349 845 &ora
361 832 368 857 ‚
385 810 435 845 nec
447 792 545 845 misero
557 793 646 863 clypei
657 810 733 846 mora
743 792 844 861 profuit
855 790 928 847 aerei.

276 914 278 938 1
290 907 400 959 quoque
409 892 553 943 Laurentes
562 891 688 943 viderunt
698 931 705 955 ‚
716 890 793 944 AEole
804 930 811 955 ‚
823 888 911 957 campi
969 878 992 910 ⁴

276 1003 378 1055 ⁴>petere
390 1028 398 1052 ,
414 989 442 1041 &
452 988 506 1041 lat¹e
516 1003 611 1041 terram
623 988 788 1043 consternere
798 1003 884 1058 tergo.

276 1085 351 1138 :cidis
362 1124 370 1149 ‚
386 1086 493 1156 Argiva
504 1102 583 1155 quem
592 1101 648 1139 non
658 1100 770 1153 potuere
779 1086 922 1155 phalanges

276 1198 364 1235 emere
374 1222 382 1247 ‚
396 1199 445 1236 nec
454 1183 552 1235 Priami
562 1199 706 1253 regnorum
714 1183 822 1235 eversor
832 1182 956 1235 Achilles.
977 1194 1038 1247 ·545

276 1283 295 1331 {c
302 1278 352 1331 tibi
361 1277 459 1332 mortis
469 1294 544 1331 erant
554 1293 651 1340 meter,
664 1278 759 1330 domus
770 1280 821 1330 alta
830 1278 876 1331 sub
886 1279 930 1330 Ida
941 1317 949 1343 ,

276 1374 363 1439 pneffi
372 1377 469 1428 domus
478 1377 530 1427 alta
540 1395 548 1436 ·‚
559 1376 618 1428 solo
627 1377 757 1428 Laurente
767 1375 924 1443 sepulcrum.

276 1486 320 1525 tte
330 1473 399 1524 adeo
411 1472 546 1524 conversae
558 1473 627 1525 acies
637 1473 782 1541 omnesque
792 1472 879 1523 Latini
889 1511 898 1536 ‚

278 1583 349 1621 mnes
361 1569 538 1622 Dardanidae:
552 1568 705 1622 Mnestheus
717 1609 724 1633 ,
736 1586 846 1639 acerque
858 1569 989 1635 Serestus,

276 1664 531 1734 :Messapus-equum
541 1665 660 1717 domitor
670 1704 677 1729 ,
689 1666 715 1717 &
723 1666 801 1719 fortis
814 1666 927 1736 Asylas,
996 1682 1046 1735 550

276 1761 450 1831 usconnnque
461 1763 577 1829 phalanx
588 1801 596 1825 ‚
607 1761 776 1831 Evandrique
788 1762 895 1814 Arcadis
906 1766 954 1815 alae
965 1802 972 1826 ‚

276 1876 298 1914 ro
309 1860 337 1913 se
350 1858 463 1929 quisque
473 1860 528 1912 viri
537 1858 638 1912 summi
648 1859 769 1912 nituntur
778 1876 861 1929 opum
869 1860 909 1914 vi.

276 1975 302 2013 ec
314 1974 393 2013 mora
406 1997 414 2022 ‚
430 1974 479 2011 nec
488 1957 593 2028 requies
605 1978 611 2011 τ
624 1957 698 2012 vasto
709 1958 851 2013 certamine
862 1960 980 2012 rendunt.

282 2057 336 2110 Hic
345 2069 464 2108 mentem
473 2055 565 2108 AEneae
575 2055 692 2125 genitrix
701 2055 876 2124 pulcherrima
888 2056 957 2109 misit
967 2097 975 2122 ,

276 2168 301 2207 et
309 2167 343 2206 ut
353 2154 387 2206 ad
396 2169 487 2204 muros
499 2192 506 2215 ,
516 2153 627 2221 urbique
636 2153 785 2204 adverteret
794 2169 888 2223 agmen
1001 2170 1010 2222 5
1020 2170 1028 2222 5
1038 2169 1047 2220 5

277 2251 336 2306 cius
347 2289 356 2314 ,
366 2251 394 2302 ἃ
406 2249 489 2302 subita
502 2250 617 2301 turbaret
629 2249 701 2302 clade
712 2249 831 2303 Latinos·

276 2367 296 2404 ‚e
307 2389 315 2413 ‚
332 2360 364 2400 ut
371 2346 504 2416 vestigans
514 2345 616 2398 diversa
625 2362 672 2413 per
681 2345 786 2415 agmina
794 2347 914 2398 Turnum
925 2387 932 2410 ‚

276 2462 310 2498 uc
322 2457 404 2512 atque
415 2443 467 2494 huc
478 2441 546 2494 acies
559 2441 737 2502 circumtulit3
750 2441 842 2509 aspicit
850 2443 942 2494 urbem

276 2557 406 2596 nmunem
418 2539 485 2591 tanti
493 2540 557 2591 belli
569 2578 577 2603 ‚
589 2553 667 2608 atque
679 2537 787 2607 impune
798 2538 924 2607 quietam.

276 2635 397 2695 ontinub
407 2652 503 2705 pugnae
512 2635 630 2687 accendit
642 2633 750 2699 majoris
761 2634 859 2704 imago.
1006 2642 1055 2710 560

276 2736 402 2800 [nesthea‚
409 2731 865 2803 Sergestumquevocat‚fortemque
871 2733 1000 2789 Serestum
1015 2795 1019 2801 ,

276 2835 406 2893 *umorem
419 2833 603 2898 tumulumque
613 2829 697 2897 capit,
711 2827 764 2899 qui>
775 2844 860 2882 cetera
869 2832 1001 2886 Teucrum

279 2931 402 2988 oncurrit
411 2927 485 2998 legio
495 2966 503 2990 ‚
516 2942 565 2978 nec
575 2925 647 2977 scura
656 2940 701 2977 aut
710 2924 808 2993 spicula
818 2925 889 2979 densr

276 3042 417 3102 'eponunt
429 3025 508 3078 Celso
520 3023 621 3076 medius
631 3022 699 3076 stans
709 3039 802 3093 aggere
811 3022 878 3075 fatur
889 3043 896 3078 ε

276 3132 296 3182 'e
310 3145 363 3199 qua
370 3123 444 3180 -tneis
455 3119 510 3176 esto
522 3120 598 3176 dieis
608 3136 701 3182 mora,
713 3120 817 3190 Jupiter
825 3119 873 3174 hac
882 3120 947 3180 stat:
1007 3131 1054 3197 565
