2700 3925
331 368 580 497 Lre'rt
627 412 720 498 IX.
832 442 881 520 7¹

276 598 303 633 m
313 582 426 646 Rutuli,
442 598 533 635 mutos
543 581 590 651 qui
601 580 688 635 milite
699 581 805 633 servent
817 617 826 643 ‚

279 677 315 731 ast
327 679 391 732 illos
402 678 508 732 centeni
520 694 652 748 quemque
664 679 808 747 sequuntur
826 717 829 722 .

283 776 368 830 cristis
377 775 491 843 iuvenes
502 793 620 845 auroque
633 774 745 829 corusci.

273 890 304 929 ut
315 874 324 939 ,’
336 874 495 944 variantque
507 874 582 927 vices
594 913 603 938 ‚
618 873 719 943 fusique
729 888 776 941 pet
785 871 892 925 herbam

272 987 287 1026 ,t
295 971 365 1026 vino
375 1011 384 1037 ‚
399 973 426 1026 δι
433 987 543 1026 vertunt
551 987 664 1025 crateras
673 972 783 1023 ahenos.
897 965 945 1033 165

272 1083 288 1121 tt
298 1069 392 1140 ignes:
405 1068 513 1123 noctem
521 1068 637 1122 custodia
647 1067 720 1122 ducit

272 1183 299 1218 m
307 1167 383 1220 ludo.
924 1208 933 1224 .

272 1266 409 1317 erevallo
419 1262 586 1332 prospectant
596 1262 683 1316 Troes
695 1301 702 1328 ‚
716 1260 831 1314 &armis
937 1303 940 1308 .

271 1376 332 1420 eur,
346 1376 462 1413 necnon
473 1359 569 1429 trepidi
580 1358 723 1413 formidine
732 1374 823 1427 portas

271 1473 317 1522 ut,
333 1458 482 1527 pontesque
496 1457 523 1509 δι
533 1458 731 1528 propugnacula
740 1455 869 1525 jungunt:
901 1466 953 1517 170

271 1569 331 1608 unt.
343 1552 442 1606 Instant
455 1552 608 1606 Mnestheus
623 1569 734 1623 acerque
745 1551 879 1615 Serestus,

271 1666 317 1705 ter
326 1649 425 1703 AEneas
438 1687 447 1713 ,
460 1648 597 1718 siquando
608 1648 716 1702 adversa
728 1633 871 1713 vocarent,
916 1714 920 1721 ι

271 1746 420 1814 ejuvenum
431 1748 457 1799 &
470 1763 558 1800 rerum
569 1746 640 1800 dedit
651 1745 703 1799 effe
715 1746 861 1818 magistros.

270 1863 315 1916 per
324 1860 417 1897 muros
425 1844 498 1914 legio
507 1844 600 1897 sortita
609 1842 739 1913 periclum

272 1940 605 2012 ,exercetquevices‚qu0d
611 1940 707 2010 cuique
713 1940 840 1994 tuendum
846 1940 891 1995 est.
906 1955 953 2008 175

270 2055 340 2094 ¹erat
348 2053 433 2108 porta
445 2038 530 2092 custos
540 2079 549 2104 ‚
559 2039 701 2093 acerrimus
711 2038 810 2104 armis,

269 2138 331 2200 des,
343 2135 471 2189 comitem
483 2133 572 2188 AEneae
583 2153 662 2205 quem
671 2135 777 2189 miserat
786 2137 831 2188 Ida

270 2252 309 2299 x,
321 2232 409 2299 iaculo
420 2233 532 2285 celerem
543 2232 698 2302 levibusque
711 2232 811 2303 sagittis
822 2251 830 2286 t

269 2351 275 2384 ι
286 2347 379 2384 comes
389 2329 519 2398 Euryalus
531 2367 539 2393 ,
552 2345 606 2398 quo
619 2329 755 2398 pulchrior
765 2331 830 2381 alter
871 2398 877 2410 ο

270 2425 437 2481 tAEueacbum
447 2463 456 2490 ,
465 2424 580 2492 Troiana
589 2441 675 2495 neque
687 2418 773 2478 induit
781 2443 868 2487 arma3
909 2428 961 2480 180

269 2542 294 2579 et
302 2520 390 2595 priini
401 2521 504 2592 fignaus
516 2521 621 2574 intonsa
629 2520 750 2587 juventa.

268 2639 297 2674 οτ
309 2637 380 2674 unus
391 2634 462 2684 erat,
472 2618 623 2689 pariterque
633 2618 662 2671 in
670 2620 738 2675 bella
749 2621 857 2673 ruebant
867 2640 875 2674 τ

268 2736 352 2788 toque
364 2717 501 2770 communi
510 2731 615 2786 portam
624 2715 735 2769 statione
746 2719 878 2772 tenebant.

268 2813 431 2868 sait2Diine
440 2813 510 2865 huuc
519 2815 639 2865 ardorem
649 2814 781 2867 mentibus
794 2817 905 2882 addunt,

268 2915 297 2965 2?
310 2927 345 2964 an
354 2909 399 2962 sua
408 2908 503 2978 cuique
516 2909 590 2960 Deus
600 2907 631 2959 fit
642 2907 698 2961 dira
709 2910 827 2983 cupido?
911 2917 959 2982 185

267 3024 342 3080 gnam
349 3047 357 3073 ‚
365 3004 672 3075 autaliquidjamdudum
679 3006 803 3063 invadere
810 3027 936 3082 magnum

267 3105 338 3178 igitar
347 3102 432 3170 mihi,
447 3120 496 3158 nec
507 3103 608 3175 placidi
619 3118 745 3163 contenta
754 3106 842 3178 quiete
852 3109 902 3171 est..
