2700 3925
329 449 597 535 Lama
648 447 740 536 XI.
825 389 946 563 139³·

275 631 294 668 n
303 629 333 669 ut
343 616 458 686 genitor.
471 616 575 669 Troum
586 614 658 669 socia
668 632 740 669 anna
751 614 871 667 secutum

275 726 314 766 ent
322 713 416 766 Rutuli
426 714 486 766 telis
497 732 504 766 ε
515 714 631 767 animam
642 713 698 783 ipse
709 710 853 770 dedissem

275 808 909 881 aecpompadomumme‚nonl'allanta,referret.
969 791 974 803 ’

276 908 441 979 arguerim,
455 907 570 972 Teucri,
582 924 632 988 nen
642 908 758 972 foedera,
767 923 817 960 nec
827 922 891 976 quas

275 1023 304 1059 ns
318 1004 440 1075 hospitio
452 1006 575 1058 dextras:
588 1005 645 1058 sors
658 1004 705 1057 issa
717 1003 827 1058 senenae
914 998 964 1065 ¹65

276 1117 326 1157 arat
338 1101 442 1156 nostrae.
456 1102 536 1169 Quid
546 1102 565 1155 fi
576 1102 717 1167 immatura
729 1104 850 1155 manebat

276 1216 346 1254 atum
356 1219 365 1261 3
377 1198 449 1253 calis
461 1199 625 1252 Volscorum
637 1199 754 1253 millibus
767 1199 847 1265 anal,

276 1314 316 1352 nm
326 1296 356 1350 in
364 1296 470 1350 Latium
479 1298 614 1361 Teucros,
627 1296 746 1350 cecidili'e
757 1295 870 1363 juvabit.
969 1307 972 1314 '

276 1411 300 1462 :o
313 1411 370 1449 non
381 1394 436 1448 alio
448 1394 542 1465 digner
552 1409 580 1448 te
590 1394 698 1459 funere,
714 1393 801 1459 Palla,

279 1478 900 1565 iusAEmas‚&quimmagniPh17ges‚&qnam
915 1499 968 1560 ¹70,

276 1590 353 1661 nique
364 1591 443 1644 duces
453 1630 462 1655 ,
471 1591 642 1661 Tyrrhenfim
650 1591 783 1645 exercitus
793 1590 892 1646 omnis.

276 1702 377 1758 tropaea
387 1689 477 1742 ferunt
488 1728 495 1753 ‚
508 1706 576 1759 quos
586 1691 629 1742 dat
637 1703 683 1743 tua
691 1691 799 1744 dextera
808 1690 893 1745 letho.

276 1802 327 1855 que
338 1803 409 1840 nunc
419 1786 498 1839 stares
511 1786 635 1839 immanis
646 1802 755 1840 truncus
768 1786 798 1841 in
809 1785 889 1840 armis
902 1824 913 1851 ‚
967 1775 972 1783 ’

276 1900 293 1935 n
306 1897 368 1936 aetas
380 1883 407 1936 ἃ
416 1882 487 1935 idem
496 1883 515 1934 li
525 1884 605 1935 robur
616 1885 647 1935 ab
660 1882 751 1947 annis,

276 1982 327 2035 Sed
337 1978 432 2034 infelix
441 1980 560 2033 Teucros
571 1979 635 2049 quid
643 1981 769 2033 demoror
778 1979 876 2036 armis?
915 1989 967 2042 175

277 2124 278 2134 ,
289 2078 317 2130 &
325 2079 382 2131 hac
393 2086 527 2131 memores
539 2075 607 2146 Regi
620 2078 740 2130 mandata
751 2079 846 2132 referte
857 2097 864 2132 τ

276 2174 345 2227 itam
357 2189 450 2226 moror
459 2172 573 2226 invisam
582 2211 590 2237 ,
600 2172 717 2226 Pallante
726 2190 885 2245 perempto,
927 2175 930 2178 ’

276 2289 284 2324 ι
296 2271 372 2325 causa
384 2285 428 2323 tua
437 2269 489 2334 est,
503 2270 624 2321 Turnum
634 2284 752 2339 natoque
763 2271 886 2342 patrique

276 2370 358 2422 lebete
367 2366 444 2421 vides
455 2386 463 2419 τ
475 2359 578 2421 ineritis
587 2381 665 2419 vacat
675 2367 719 2420 hic
727 2367 776 2421 tibi
786 2368 858 2422 solus

276 2483 342 2536 aque
353 2468 439 2519 locus.
453 2467 518 2517 Non
526 2464 591 2517 vitae
604 2465 698 2534 gaudia
710 2482 817 2535 quaero,
917 2465 972 2518 180

282 2582 291 2625 ;
304 2564 348 2617 sed
359 2578 422 2617 nato
434 2580 525 2617 manes
537 2563 653 2632 perferre
665 2563 711 2617 sub
721 2562 804 2617 imos.
921 2541 925 2548 Ι

278 2677 306 2712 ra
316 2660 417 2715 interea
428 2659 532 2714 miseris
543 2658 698 2712 mortalibus
708 2661 805 2713 almam

277 2772 304 2811 at
314 2759 402 2810 lucem
413 2798 423 2821 ,
433 2758 549 2811 referens
561 2773 643 2829 opera
654 2771 733 2827 atque
744 2759 859 2814 labores.

277 2871 314 2909 ter
324 2854 423 2909 AEneas
431 2894 441 2918 ,Α
451 2853 505 2920 jam
514 2871 598 2909 curvo
610 2855 639 2907 in
651 2854 742 2908 littore
753 2856 878 2910 Tarchon

277 2951 336 3007 nire
346 2969 427 3022 pyras
440 2970 447 3004 τ
459 2951 511 3005 huc
520 2968 633 3021 corpora
643 2951 753 3022 quisque
764 2953 873 3008 suornm
918 2955 970 3023 185

277 3053 341 3103 nere
353 3063 476 3117 patrum3
488 3047 660 3120 subjellisque
671 3050 776 3120 ignibus
786 3052 850 3107 atris

277 3165 301 3202 n
310 3147 469 3204 intenebras
478 3147 561 3200 altum
573 3146 686 3219 caligine
695 3148 808 3204 coelun.
