2700 3925
494 370 572 452 190
672 339 1023 423 AErveroos

486 508 547 559 Neu
559 506 617 576 quis
628 508 663 560 ob
674 506 823 574 incoeptum
832 504 948 557 subitum
960 503 1028 557 mihi
1037 504 1087 575 segr

486 605 587 657 Urbem
598 604 697 667 hodie,
713 603 816 655 causam
828 601 891 655 belli
904 640 912 667 ,
928 618 1010 673 regna
1019 601 1087 671 ipsal

486 703 523 755 Ni
534 704 645 756 fraenum
654 701 772 769 accipere
783 701 809 752 δι
820 700 887 753 victi
896 698 990 769 parite
998 699 1087 754 fatenti

488 800 599 860 Eruam3
611 800 637 851 δι
647 817 722 868 aequa
731 800 789 851 solo
798 797 927 851 firmantia
936 798 1054 851 culmina
1062 815 1087 867 pt

433 909 484 961 570
491 896 597 948 Scilicet
607 896 758 964 exspectem
768 897 865 960 ,libeat
875 897 939 948 dum
947 894 1047 963 proelia
1055 895 1087 948 Tr

486 993 581 1046 Nostra
590 993 644 1062 pati
655 1033 662 1057 ,
679 993 818 1061 rursusque
829 991 898 1044 velit
909 1007 1069 1044 concurrere
1079 1008 1087 1034 1

486 1091 546 1149 Hoc
555 1106 632 1161 caput
644 1131 651 1155 ,
664 1091 682 1145 ὃ
698 1091 771 1144 cives
782 1130 791 1155 ,
801 1090 858 1143 hac
867 1089 931 1143 belli
941 1091 1044 1143 summa
1054 1106 1087 1144 nc

485 1190 561 1243 Ferte
572 1190 642 1243 faces
653 1187 786 1258 propere,
797 1188 936 1257 foedusque
945 1187 1080 1256 reposcite

522 1288 651 1359 Dixerat3
662 1301 740 1356 atque
750 1285 847 1338 animis
858 1285 957 1354 pariter
967 1286 1087 1340 certanti]

432 1397 480 1450 575
491 1384 565 1436 Dant
576 1401 689 1436 cuneum
701 1424 708 1448 ,
719 1382 851 1452 densaque
863 1385 895 1435 ad
906 1399 1000 1437 muros
1010 1386 1087 1446 mole

484 1480 566 1531 Scalae
578 1478 747 1547 improvisi),
764 1479 913 1548 subitusque
925 1479 1087 1551 appamitig

482 1575 642 1628 Discurrunt
651 1575 697 1628 alii
707 1578 740 1628 ad
749 1591 858 1645 portas,
869 1575 1027 1645 primosque
1036 1590 1087 1630 trur

483 1674 591 1727 Ferrum
603 1672 649 1727 alii
657 1687 803 1743 torquent,
817 1674 843 1725 &
853 1673 1013 1727 obumbrant
1024 1675 1087 1728 athe

483 1773 541 1841 Ipse
551 1771 620 1825 inter
632 1772 735 1841 primos
747 1772 867 1822 dextram
878 1769 924 1821 sub
934 1770 1038 1823 moenia
1046 1785 1087 1824 ter

429 1875 480 1939 580
487 1869 600 1934 AEneas,
612 1868 760 1940 magnaque
770 1866 870 1920 incusat
878 1884 949 1921 voce
959 1868 1086 1921 Latinum

483 1968 654 2037 Testaturque
666 1968 760 2031 Deos,
773 1965 869 2019 iterum
882 1965 950 2019 sead
961 1967 1087 2034 proclinet

481 2062 526 2114 Bis
538 2062 591 2129 jam
602 2065 685 2116 ltalos
694 2063 781 2115 hostes
793 2102 802 2127 ,
815 2064 870 2115 haec
880 2065 961 2115 altera
970 2064 1087 2118 foederat

481 2159 609 2212 Exoritur
618 2161 737 2229 trepidos
750 2160 820 2213 inter
831 2160 960 2214 discordia
972 2160 1048 2216 cives
1060 2180 1068 2214 t

481 2259 582 2312 Urbem
591 2259 637 2311 alii
646 2258 760 2311 reserare
771 2256 863 2323 jubent
875 2296 883 2321 ,
899 2258 925 2309 &
935 2260 1050 2326 pandere
1060 2276 1087 2328 p<

316 2405 318 2410 .
428 2364 475 2430 585
485 2356 659 2421 Dardanidis,
669 2356 810 2425 ipsumque
820 2357 927 2408 trahunt
934 2355 963 2408 in
970 2357 1087 2410 moeniai

480 2457 561 2507 Arma
572 2456 660 2508 serunt
671 2455 735 2518 alii,
752 2455 779 2507 &
790 2468 904 2523 pergunt
913 2455 1053 2508 defendere
1063 2473 1087 2507 m

479 2554 594 2607 Inclusas
605 2567 635 2606 ut
644 2553 704 2605 cum
716 2553 848 2605 latebroso
859 2553 887 2603 in
896 2551 1002 2619 pumice
1014 2551 1087 2620 pasto

479 2650 629 2722 Vestigavit
639 2667 722 2720 apes,
737 2650 866 2718 fumoque
878 2648 1004 2717 implevit
1013 2666 1086 2704 amar

471 2732 534 2799 '111ae
546 2749 617 2801 intus
627 2746 736 2817 trepidae
747 2763 834 2800 rerum
844 2763 892 2815 per
902 2762 976 2798 cerea
986 2745 1068 2800 castra

425 2864 478 2920 590
487 2845 662 2909 Discurrunt,
675 2843 828 2914 magnisque
841 2858 938 2897 acuunt
947 2842 1087 2898 stridoribu

480 2940 611 2994 Volvitur
620 2956 676 2994 ater
685 2942 753 2995 odor
762 2939 838 2993 tediis
849 2980 857 3004 ,
872 2953 929 2992 tum
939 2958 1076 2995 murmure

430 3073 432 3076 >
478 3042 553 3097 Intus
562 3040 624 3095 saxa
634 3039 730 3095 sonant
741 3059 749 3097 c
761 3056 857 3095 vacuas
866 3038 888 3094 it
897 3040 986 3094 sumus
996 3042 1030 3096 ad
1037 3057 1087 3095 aur
