2700 3925
363 394 442 492 248
563 380 917 474 Vincrnat‘

360 543 471 603 Bideinte
480 550 545 606 dicit
555 541 694 606 attondiffe
706 552 809 622 forcipe

307 660 341 697 10
361 650 474 701 Comata
486 652 556 702 colla
567 690 575 715 ,
587 667 621 703 ne
634 668 686 720 qua
697 651 830 704 sordidum
842 649 909 723 jugo

360 745 500 800 Premente
510 749 574 800 dura
584 750 682 801 vulnus
692 750 781 801 ederet
790 747 862 814 iuba.

361 845 495 897 Cremona
504 844 613 915 frigida,
627 846 751 899 &lutosa
764 844 857 899 Gallia

361 939 423 992 Tibi
433 941 491 994 haec
499 942 573 996 fuisse
586 983 594 1007 ‚
607 944 634 996 δι
646 942 698 997 effe
713 941 898 1014 cognitiffima.

361 1038 409 1090 Ait
419 1040 539 1094 Sabinus.
552 1039 655 1093 Ultima
670 1057 706 1093 ex
721 1039 831 1110 origine

308 1149 339 1201 15
361 1137 419 1189 Tua
431 1135 525 1190 stetiffe
536 1137 600 1190 dicit
611 1136 641 1189 in
651 1137 781 1207 voragine
792 1176 807 1202 ,⁴

362 1234 421 1286 Tua
434 1234 462 1285 in
472 1236 567 1303 palude
577 1234 723 1304 deposuiffe
735 1234 848 1287 sarcinas
859 1273 868 1299 ‚

362 1334 396 1383 Et
405 1332 466 1385 inde
477 1346 518 1385 tot
527 1350 575 1403 per
586 1331 704 1386 orbirosa
716 1331 800 1384 millia

362 1429 461 1499 Jugum
472 1429 558 1482 nrliffe
571 1449 578 1482 :
590 1431 676 1494 leva,
689 1428 744 1482 five
755 1429 864 1481 dextera

364 1524 498 1595 stringere
510 1528 594 1578 mulas
606 1565 619 1591 ‚2
631 1525 685 1578 srve
695 1540 837 1594 utrumque
847 1539 982 1593 coeperat..

309 1606 344 1672 zo
363 1623 457 1690 Neque
468 1623 522 1673 ulla
533 1619 855 1676 votasemitalibusDeis

364 1716 421 1769 Sibi
432 1715 483 1769 esse
495 1716 562 1769 fadia
572 1756 580 1781 ,
592 1730 703 1785 propter
714 1717 766 1768 hoc
776 1714 950 1770 novissimum
1039 1771 1042 1775 ,

364 1815 475 1868 Paterna
484 1817 559 1878 lora,
576 1813 785 1883 proximumque
794 1811 947 1881 pediinem„

365 1915 417 1967 Sed
425 1913 481 1966 haec
492 1911 565 1982 priris
578 1909 667 1975 fuere,
680 1925 750 1962 nunc
762 1908 877 1962 eburnei

366 2013 497 2080 Sedetque
509 2005 568 2062 sede
579 2048 587 2074 ,
600 2008 680 2078 seque
692 2006 793 2060 dedicat
805 2005 862 2062 tibi

311 2127 342 2177 25
366 2108 488 2162 Gemeile
502 2105 607 2171 Castor,
622 2107 648 2158 ἃ
660 2105 783 2159 Gemelle
794 2102 922 2158 Castoris.

657 2203 700 2255 Ad
714 2203 821 2256 Varium.

368 2301 474 2358 Scilicet
484 2296 540 2354 hoc'
548 2299 602 2354 fine
611 2301 700 2354 fraude
708 2340 716 2366 ,
725 2299 794 2353 Vari
805 2295 965 2362 dulciffime‚
979 2299 1076 2353 dican:

404 2400 562 2470 Dispeream
572 2437 581 2463 ,
591 2397 641 2451 nin
652 2397 696 2450 me
705 2396 818 2466 perdidit
827 2395 873 2448 iste
886 2410 978 2465 putus.

369 2502 417 2556 Sin
425 2514 514 2554 autem
523 2511 654 2568 praecepta
664 2508 758 2550 vetant
767 2511 810 2547 me
822 2493 909 2547 dicere
921 2494 1016 2550 nsand-

404 2603 469 2653 Non
480 2597 583 2660 dicam,
595 2594 640 2647 sed
649 2609 693 2646 me
702 2590 816 2662 perdidit
828 2589 880 2643 iste'
887 2607 964 2660 puer.

602 2691 644 2744 Ad
660 2691 753 2746 Villam
770 2689 888 2740 Scironis.

370 2794 474 2850 vinula
485 2834 493 2858 ,
511 2811 569 2863 quae
579 2789 698 2844 Scironis
709 2804 767 2841 eras
778 2826 786 2851 ,
797 2787 932 2855 &pauper
943 2790 1046 2857 agelie,

407 2891 515 2942 Verum*
523 2890 563 2942 illi
575 2888 686 2942 domino
696 2901 725 2938 tu
737 2901 844 2955 quoque
853 2882 974 2938 divitiae:

373 2987 420 3040 Me
432 2985 480 3038 tibi
492 3026 499 3050 ,
513 2988 599 3040 &hos
612 2985 663 3040 und
674 3001 795 3046 mecum,
806 2998 874 3051 quos
884 2981 991 3052 semper
999 2983 1099 3048 amavi¹

411 3083 439 3140 Si
449 3081 552 3152 quidde
564 3083 648 3154 patria
657 3081 753 3138 tristius
764 3079 870 3135 audiero
880 3116 896 3143 ι

297 3314 368 3468 ἱ
