2700 3925
728 728 825 824 ς’).
1116 714 1793 800 AENEIDOS

712 871 779 923 Et
800 874 1078 943 Tyrrhena
1098 879 1292 945 pedum
1311 878 1598 932 circumdat
1618 880 1835 936 vincula
1857 880 2050 950 plantis
2066 899 2083 934 t

711 969 852 1023 Tum
862 974 1015 1025 lateri
1032 990 1189 1043 atque
1199 976 1435 1029 humeris
1449 978 1732 1047 Tegeaeum
1745 977 1969 1048 subligat
1988 957 2163 1030 ensem
2175 1014 2190 1038 ‚

597 1063 709 1123 <60
724 1065 959 1122 Demiffa
979 1072 1041 1123 ab
1064 1073 1199 1125 laeva
1218 1074 1485 1141 pantherae
1506 1086 1651 1145 terga
1668 1088 2006 1142 retorquens.

708 1164 821 1216 Nec
843 1183 955 1219 non
980 1170 1033 1220 δι
1057 1169 1257 1239 gemini
1279 1170 1516 1224 custodes
1541 1171 1727 1224 limine
1751 1172 1814 1223 ab
1836 1172 1948 1223 alto

704 1259 1002 1316 Procedunt
1022 1304 1037 1328 ‚
1074 1265 1402 1335 greffumque
1427 1285 1580 1321 canes
1606 1268 1928 1320 comitantur
1949 1268 2185 1321 herilem.

703 1360 947 1427 Hospitis
969 1362 1148 1414 AEneae
1172 1364 1345 1420 sedem
1372 1366 1424 1417 ὃ(
1447 1365 1643 1418 secreta
1664 1367 1876 1433 petebat
1895 1404 1910 1429 ,

700 1457 1020 1509 Sermonum
1044 1475 1252 1512 memor
1276 1462 1328 1512 δε
1347 1460 1582 1529 promiffi
1603 1462 1838 1513 muneris
1861 1463 2040 1515 heros.

585 1550 655 1612 46
668 1566 689 1617 5
712 1554 820 1606 Nec
839 1554 1013 1608 minus
1037 1555 1230 1609 AEneas
1255 1557 1307 1609 se
1330 1558 1619 1609 matutinus
1642 1559 1843 1626 agebat.

697 1651 737 1701 F
740 1650 861 1703 ilius
885 1652 1008 1704 huic
1030 1652 1198 1705 Pallas
1219 1691 1235 1715 ,
1267 1651 1367 1703 olli
1391 1668 1569 1703 comes
1592 1652 1698 1703 ibat
1720 1653 1966 1706 Achates.

698 1747 968 1817 Congressi
992 1748 1217 1818 jungunt
1236 1750 1445 1814 dextras
1469 1787 1483 1811 ,
1516 1748 1805 1816 mediisque
1829 1749 2060 1802 residunt

694 1843 913 1895 AEdibus
940 1884 955 1907 ‚
993 1845 1046 1895 ὅ(
1068 1844 1218 1896 licito
1250 1835 1464 1895 tandein
1486 1843 1728 1897 sermone
1750 1844 2014 1899 fruuntur.

692 1942 813 1994 Rex
835 1942 985 2011 prior
1006 1942 1146 1996 haec:

580 2047 689 2098 470
739 2041 980 2093 Maxime
992 2042 1321 2093 Teucrorum
1336 2040 1539 2105 ducior,
1555 2058 1662 2109 quo
1676 2040 1873 2109 sospite
1889 2058 2174 2117 numquam

689 2140 797 2192 Res
814 2140 1063 2209 equidem
1084 2138 1261 2204 Trojae
1280 2139 1448 2191 vietas
1471 2154 1560 2191 aut
1583 2155 1740 2207 regna
1763 2140 1999 2198 fatebor,

688 2237 859 2290 Nobis
885 2241 947 2289 ad
968 2237 1094 2290 belli
1114 2236 1374 2288 auxilium
1394 2254 1493 2304 pro
1515 2237 1735 2289 nomine
1756 2252 1907 2288 tanto

688 2334 907 2404 Exiguae
926 2335 1069 2386 vires
1094 2353 1108 2386 ε
1134 2334 1259 2385 hinc
1285 2333 1461 2385 Tusco
1484 2333 1773 2385 claudimur
1797 2332 1941 2384 amni
1961 2350 1979 2392 ·,

690 2432 831 2484 Hinc
843 2433 1068 2483 Rutulus
1081 2430 1276 2498 premit
1290 2469 1305 2493 ,
1322 2430 1376 2482 δί
1388 2447 1596 2481 murum
1619 2429 1973 2481 circumsonat
1995 2429 2173 2483 armis.

616 2541 678 2592 75
700 2531 800 2583 Sed
822 2529 918 2581 tibi
943 2545 1045 2598 ego
1072 2528 1311 2599 ingentes
1336 2530 1569 2595 populos
1596 2529 1954 2595 opulentaque
1978 2526 2156 2595 regnis

687 2629 715 2681 J
721 2643 916 2697 ungere
942 2624 1099 2677 castra
1124 2641 1253 2692 paro
1276 2664 1288 2687 ‚
1318 2641 1476 2691 quam
1500 2624 1610 2676 fors
1635 2622 1858 2690 inopina
1881 2623 2106 2675 salutem

688 2724 932 2776 Ostentat
957 2742 969 2775 :
996 2721 1118 2774 fatis
1140 2721 1242 2773 huc
1267 2735 1320 2772 te
1344 2719 1681 2787 poscentibus
1707 2717 1880 2770 affers.

686 2823 839 2874 Haud
860 2822 1049 2890 procul
1071 2818 1197 2870 hinc
1215 2818 1344 2870 saxo
1369 2817 1564 2869 colitur
1587 2816 1797 2869 fundata
1818 2814 2030 2869 vetusto

685 2919 847 2971 Urbis
866 2916 1131 2986 Agyllinae
1155 2914 1301 2966 sedes
1329 2952 1345 2976 ,
1380 2912 1469 2964 ubi
1499 2913 1668 2981 Lydia
1689 2913 1958 2980 quondam

571 3017 681 3077 480
698 3015 1009 3077 Gens-bello
1030 3012 1279 3080 praeclara
1310 3048 1325 3071 ,
1346 3007 1487 3077 iugis
1512 3008 1702 3060 insedit
1725 3008 1974 3063 Etruscis.

688 3115 840 3166 Hanc
862 3112 1061 3163 multos
1085 3108 1369 3160 florentem
1388 3122 1556 3157 annos
1577 3121 1672 3157 rex
1691 3105 1879 3159 deinde
1898 3104 2122 3175 superbo

684 3208 919 3278 Imperio
946 3208 999 3259 &
1023 3207 1177 3259 saevis
1204 3203 1375 3259 tenuit
1393 3203 1696 3255 Mezentius
1719 3202 1897 3256 armis·

685 3307 831 3373 Quid
843 3319 1137 3357 memorem
1151 3301 1389 3355 infandas
1404 3303 1569 3353 caedes
1591 3302 1611 3350 ἒ
1637 3298 1763 3368 quid
1782 3299 1915 3352 fausta
1935 3297 2150 3368 tyranni

685 3401 855 3458 Effera
880 3405 899 3458 ἓ
930 3400 1028 3455 Dii
1048 3399 1207 3471 capiti
1227 3398 1387 3469 ipfius
1409 3397 1696 3470 generique
1718 3397 2005 3452 reservent.

542 3570 632 3686 k
