2700 3925
355 353 431 452 162
552 346 898 435 AErvaloos

348 506 475 562 Femineo
485 512 578 578 praeda
591 511 776 580 &spoliorum
785 515 893 568 ardebat
902 532 996 569 amore.

348 604 445 656 Telum
454 623 489 658 ex
498 607 597 661 infidiis
609 609 669 661 cium
683 610 790 661 tandem
801 624 924 680 tempore
936 627 1007 680 capto

351 702 482 769 Conjicit,
496 706 522 756 δι
531 706 641 774 superos
650 706 738 759 Aruns
749 706 784 759 lie
793 724 864 762 voce
875 724 1007 777 precatur:

294 792 344 860 785
355 803 462 855 Summe
473 802 563 855 Dellm
574 843 581 867 ,
593 804 675 858 laudii
687 803 773 859 eustos
785 805 906 860 Soradiis
914 808 1023 876 Apollo,

352 900 441 966 Quem
451 900 532 969 primi
544 901 658 955 colimus
668 920 677 963 ς
689 902 732 955 cui
743 902 839 971 pineus
848 904 927 957 ardor
938 918 1026 957 acervo

351 995 468 1050 Pascitur
478 1037 485 1061 ,
499 996 526 1049 δι
536 998 654 1051 medium
664 997 726 1052 freti
738 1000 837 1068 pietate
848 1015 898 1068 per
909 999 998 1071 ignem

353 1096 475 1147 Cultotes
487 1093 570 1147 multi
580 1094 727 1164 premimus
738 1093 850 1165 vestigia
860 1094 964 1165 pruni:
1077 1097 1080 1106 “

351 1191 395 1242 Da
402 1217 416 1254 v,
427 1190 519 1256 Pater,
530 1192 583 1243 boc
594 1189 690 1245 nostris
701 1189 802 1244 aboleri
811 1181 925 1245 de‘decus
936 1188 1030 1254 armis,
1074 1239 1076 1244 .

296 1297 350 1349 790
358 1287 550 1357 Omnipotens.
562 1289 627 1341 Non
634 1286 759 1341 exsuvias
771 1288 891 1357 pulsare
901 1303 1030 1359 tropeum

351 1384 492 1456 Virginis,
504 1399 548 1437 aut
558 1383 643 1453 spolia
651 1385 706 1437 ulla
714 1398 778 1453 peto
789 1402 796 1438 t
809 1384 878 1437 mihi
887 1399 976 1439 cetera
986 1383 1075 1437 laudem

350 1480 427 1534 Fadia
435 1482 539 1535 ferent:
551 1482 607 1535 bac
618 1482 675 1536 dira
683 1499 746 1536 meo
756 1484 819 1536 dum
830 1485 945 1537 vulnere
957 1480 1033 1553 peliis
1049 1479 1051 1483 ⁸

351 1578 427 1631 Pulsa
436 1580 510 1632 cadat
522 1618 530 1645 ‚
541 1579 640 1648 patrias
650 1581 775 1634 remeabo
785 1578 918 1651 inglorius
927 1581 1015 1635 urbes.

351 1676 461 1743 Audiit,
479 1679 506 1731 δι
516 1677 578 1731 voti
590 1678 706 1733 Phoebus
718 1679 973 1747 succedere·pattem
988 1681 992 1686 '

294 1782 345 1835 795
357 1774 449 1829 Mente
462 1776 533 1829 dedit
546 1794 555 1837 3
566 1789 669 1845 partem
677 1778 803 1829 volueres
816 1773 937 1843 disperiit
948 1774 978 1827 in
986 1789 1065 1827 amar.

351 1875 486 1927 Sterneret
495 1889 526 1926 ut
536 1871 620 1927 subiti
632 1874 761 1926 turbatam
774 1885 861 1923 morte
874 1871 1016 1923 Camillam

351 1971 454 2024 Annuit
466 1971 571 2044 oranti:
584 1973 707 2025 reducem
717 1985 748 2023 ut
756 1969 841 2039 patria
849 1971 902 2023 alta
911 1970 1017 2037 rideret
1130 2018 1133 2027 .

352 2056 421 2123 Non
429 2067 500 2121 dedit
512 2086 521 2128 3
537 2050 618 2138 mune
629 2069 719 2122 Notos
730 2064 829 2121 vobem
839 2064 947 2120 verrere
958 2065 1085 2135 procella.

388 2167 459 2236 Etgo
464 2180 496 2218 ut
502 2163 577 2218 miffa
586 2182 667 2217 manu
676 2163 793 2217 sonitum
802 2161 875 2215 dedit
883 2162 1090 2232 bastaperauras,

295 2260 349 2311 800
357 2263 523 2317 Convertere
534 2263 639 2317 animos
649 2278 722 2315 acres
733 2301 741 2326 ‚
757 2261 904 2330 oculosque
915 2263 1003 2315 tedere

352 2360 448 2416 Cunffi
459 2362 491 2413 ad
499 2360 618 2432 reginam
627 2357 731 2412 Volsci.
741 2357 816 2411 Nihil
825 2357 882 2426 ipsa
893 2360 1069 2428 nequeam,

309 2455 312 2480 ³
350 2462 407 2514 Nec
419 2459 521 2514 sonitils
533 2474 637 2512 memor
650 2496 658 2521 ,
675 2472 720 2510 aut
731 2455 866 2510 venientis
879 2457 912 2508 ab
923 2455 1021 2509 ethere
1032 2451 1089 2511 teli3

350 2557 431 2611 Hasta
442 2557 489 2610 sub
501 2557 632 2610 exsertam
642 2555 728 2607 donec
736 2554 836 2622 perlata
845 2550 974 2621 papillam
1131 2566 1133 2619 5

351 2656 434 2708 Haefit
443 2670 454 2719 ,·
464 2653 670 2724 virgineumque
682 2649 735 2704 ulti:
747 2648 813 2702 bibit
825 2647 881 2702 acta
892 2666 1026 2706 cruorem.
1131 2632 1133 2643 ¹

296 2745 1087 2819 805Concurrunttrepidaecomites‚dominamqueruenten
1131 2806 1133 2825 Ι

351 2847 519 2915 Suscipiunt:
531 2845 670 2917 'fugitante
683 2860 777 2897 omnes
790 2842 1048 2909 exterritum,

352 2942 457 2997 Laetitii
470 2943 610 3012 mixtoque
620 2955 714 2999 metu3
729 2956 778 2994 nec
789 2939 842 3006 jam
853 2941 967 3011 amplius
978 2941 1053 2997 bastae

354 3043 465 3098 Credere
476 3079 483 3104 ,
496 3055 545 3093 nec
556 3037 616 3093 telis
628 3052 767 3093 occurrere
775 3037 889 3108 virginis
900 3040 987 3096 audet.
