<?xml version="1.0" encoding="UTF-8"?>
<!DOCTYPE html PUBLIC "-//W3C//DTD XHTML 1.0 Transitional//EN"
    "http://www.w3.org/TR/xhtml1/DTD/xhtml1-transitional.dtd">
<html xmlns="http://www.w3.org/1999/xhtml" xml:lang="en" lang="en">
 <head>
  <title>
</title>
<meta http-equiv="Content-Type" content="text/html;charset=utf-8" />
  <meta name='ocr-system' content='tesseract 3.04.00' />
  <meta name='ocr-capabilities' content='ocr_page ocr_carea ocr_par ocr_line ocrx_word'/>
</head>
<body>
  <div class='ocr_page' id='page_1' title='image "./publiivirgiliim00vegigoog_0272.png"; bbox 0 0 2700 3925; ppageno 0'>
   <div class='ocr_carea' id='block_1_1' title="bbox 468 385 1022 484">
    <p class='ocr_par' dir='ltr' id='par_1_1' title="bbox 468 385 1022 484">
     <span class='ocr_line' id='line_1_1' title="bbox 468 385 1022 484; baseline 0 -21"><span class='ocrx_word' id='word_1_1' title='bbox 468 385 845 466; x_wconf 70' lang='lat' dir='ltr'>Car-Aram.</span> <span class='ocrx_word' id='word_1_2' title='bbox 944 410 1022 484; x_wconf 84' lang='lat'>247</span> 
     </span>
    </p>
   </div>
   <div class='ocr_carea' id='block_1_2' title="bbox 275 541 1080 799">
    <p class='ocr_par' dir='ltr' id='par_1_2' title="bbox 275 541 1080 799">
     <span class='ocr_line' id='line_1_2' title="bbox 313 541 1080 616; baseline -0.003 -16"><span class='ocrx_word' id='word_1_3' title='bbox 313 546 346 600; x_wconf 90' lang='lat' dir='ltr'>In</span> <span class='ocrx_word' id='word_1_4' title='bbox 358 563 462 601; x_wconf 89' lang='lat' dir='ltr'>morem</span> <span class='ocrx_word' id='word_1_5' title='bbox 472 546 542 616; x_wconf 59' lang='lat' dir='ltr'>pitia</span> <span class='ocrx_word' id='word_1_6' title='bbox 551 546 626 601; x_wconf 82' lang='lat' dir='ltr'>stabit</span> <span class='ocrx_word' id='word_1_7' title='bbox 635 564 711 600; x_wconf 88' lang='lat' dir='ltr'>amor</span> <span class='ocrx_word' id='word_1_8' title='bbox 720 548 851 616; x_wconf 84' lang='lat' dir='ltr'>pharetra.</span> <span class='ocrx_word' id='word_1_9' title='bbox 955 541 968 566; x_wconf 77' lang='lat'>&#39;</span> <span class='ocrx_word' id='word_1_10' title='bbox 1047 551 1080 588; x_wconf 80' lang='lat'>10</span> 
     </span>
     <span class='ocr_line' id='line_1_3' title="bbox 275 644 932 715; baseline -0.003 -17"><span class='ocrx_word' id='word_1_11' title='bbox 275 644 370 709; x_wconf 77' lang='lat' dir='ltr'>Attis,</span> <span class='ocrx_word' id='word_1_12' title='bbox 387 644 405 698; x_wconf 84' lang='grc' dir='ltr'><strong>ὁ</strong></span> <span class='ocrx_word' id='word_1_13' title='bbox 419 645 553 715; x_wconf 83' lang='lat' dir='ltr'>Cytherea</span> <span class='ocrx_word' id='word_1_14' title='bbox 565 660 643 698; x_wconf 82' lang='lat' dir='ltr'>:tuus</span> <span class='ocrx_word' id='word_1_15' title='bbox 655 660 682 697; x_wconf 92' lang='lat' dir='ltr'>te</span> <span class='ocrx_word' id='word_1_16' title='bbox 694 644 779 697; x_wconf 71' lang='lat' dir='ltr'>Cesar</span> <span class='ocrx_word' id='word_1_17' title='bbox 791 644 932 715; x_wconf 81' lang='lat' dir='ltr'>Olympo,</span> 
     </span>
     <span class='ocr_line' id='line_1_4' title="bbox 316 735 918 799; baseline 0.003 -6"><span class='ocrx_word' id='word_1_18' title='bbox 316 744 350 794; x_wconf 89' lang='lat' dir='ltr'>Et</span> <span class='ocrx_word' id='word_1_19' title='bbox 361 742 511 795; x_wconf 85' lang='lat' dir='ltr'>Surrentini</span> <span class='ocrx_word' id='word_1_20' title='bbox 522 742 621 797; x_wconf 85' lang='lat' dir='ltr'>littoris</span> <span class='ocrx_word' id='word_1_21' title='bbox 634 760 682 796; x_wconf 85' lang='lat' dir='ltr'>ota</span> <span class='ocrx_word' id='word_1_22' title='bbox 692 757 783 799; x_wconf 81' lang='lat' dir='ltr'>vocat.</span> <span class='ocrx_word' id='word_1_23' title='bbox 915 735 918 741; x_wconf 73' lang='grc'>’</span> 
     </span>
    </p>
   </div>
   <div class='ocr_carea' id='block_1_3' title="bbox 277 888 1083 2226">
    <p class='ocr_par' dir='ltr' id='par_1_3' title="bbox 277 888 780 961">
     <span class='ocr_line' id='line_1_5' title="bbox 277 888 780 961; baseline 0.002 -19"><span class='ocrx_word' id='word_1_24' title='bbox 277 890 319 942; x_wconf 85' lang='lat' dir='ltr'>Ite</span> <span class='ocrx_word' id='word_1_25' title='bbox 329 888 392 942; x_wconf 89' lang='lat' dir='ltr'>hinc</span> <span class='ocrx_word' id='word_1_26' title='bbox 402 890 493 943; x_wconf 84' lang='lat' dir='ltr'>inanes</span> <span class='ocrx_word' id='word_1_27' title='bbox 503 891 640 943; x_wconf 82' lang='lat' dir='ltr'>rhetorum</span> <span class='ocrx_word' id='word_1_28' title='bbox 648 890 780 961; x_wconf 85' lang='lat' dir='ltr'>manipli,</span> 
     </span>
    </p>

    <p class='ocr_par' dir='ltr' id='par_1_4' title="bbox 278 985 753 1049">
     <span class='ocr_line' id='line_1_6' title="bbox 278 985 753 1049; baseline 0.006 -11"><span class='ocrx_word' id='word_1_29' title='bbox 278 985 376 1039; x_wconf 80' lang='lat' dir='ltr'>inflata</span> <span class='ocrx_word' id='word_1_30' title='bbox 386 1003 447 1039; x_wconf 90' lang='lat' dir='ltr'>rote</span> <span class='ocrx_word' id='word_1_31' title='bbox 458 1004 515 1040; x_wconf 85' lang='lat' dir='ltr'>nou</span> <span class='ocrx_word' id='word_1_32' title='bbox 525 987 641 1041; x_wconf 82' lang='lat' dir='ltr'>Achaico</span> <span class='ocrx_word' id='word_1_33' title='bbox 651 990 734 1042; x_wconf 83' lang='lat' dir='ltr'>verba</span> <span class='ocrx_word' id='word_1_34' title='bbox 744 1006 753 1049; x_wconf 90' lang='lat'>·,</span> 
     </span>
    </p>

    <p class='ocr_par' dir='ltr' id='par_1_5' title="bbox 279 1082 1083 1253">
     <span class='ocr_line' id='line_1_7' title="bbox 279 1082 1083 1155; baseline -0.001 -20"><span class='ocrx_word' id='word_1_35' title='bbox 279 1084 315 1135; x_wconf 87' lang='lat' dir='ltr'>Et</span> <span class='ocrx_word' id='word_1_36' title='bbox 323 1100 396 1147; x_wconf 83' lang='lat' dir='ltr'><strong>vos,</strong></span> <span class='ocrx_word' id='word_1_37' title='bbox 415 1084 487 1149; x_wconf 85' lang='lat' dir='ltr'>Sile,</span> <span class='ocrx_word' id='word_1_38' title='bbox 499 1084 608 1149; x_wconf 75' lang='lat' dir='ltr'>Albuti,</span> <span class='ocrx_word' id='word_1_39' title='bbox 620 1084 781 1155; x_wconf 79' lang='lat' dir='ltr'>Arquitique</span> <span class='ocrx_word' id='word_1_40' title='bbox 793 1124 801 1149; x_wconf 89' lang='lat'>‚</span> <span class='ocrx_word' id='word_1_41' title='bbox 811 1082 973 1152; x_wconf 80' lang='lat' dir='ltr'>varroque,</span> <span class='ocrx_word' id='word_1_42' title='bbox 1079 1148 1083 1155; x_wconf 92' lang='lat'>.</span> 
     </span>
     <span class='ocr_line' id='line_1_8' title="bbox 280 1180 830 1253; baseline 0.004 -21"><span class='ocrx_word' id='word_1_43' title='bbox 280 1180 504 1233; x_wconf 85' lang='lat' dir='ltr'>Scholasticorum</span> <span class='ocrx_word' id='word_1_44' title='bbox 515 1182 589 1235; x_wconf 87' lang='lat' dir='ltr'>natio</span> <span class='ocrx_word' id='word_1_45' title='bbox 598 1185 706 1236; x_wconf 86' lang='lat' dir='ltr'>madens</span> <span class='ocrx_word' id='word_1_46' title='bbox 718 1181 830 1253; x_wconf 81' lang='lat' dir='ltr'>pingui:</span> 
     </span>
    </p>

    <p class='ocr_par' dir='ltr' id='par_1_6' title="bbox 280 1276 973 1539">
     <span class='ocr_line' id='line_1_9' title="bbox 280 1276 973 1355; baseline 0.003 -25"><span class='ocrx_word' id='word_1_47' title='bbox 280 1278 323 1330; x_wconf 91' lang='lat' dir='ltr'>lte</span> <span class='ocrx_word' id='word_1_48' title='bbox 334 1278 397 1330; x_wconf 86' lang='lat' dir='ltr'>hinc</span> <span class='ocrx_word' id='word_1_49' title='bbox 409 1278 500 1331; x_wconf 85' lang='lat' dir='ltr'>inanes</span> <span class='ocrx_word' id='word_1_50' title='bbox 510 1280 654 1349; x_wconf 80' lang='lat' dir='ltr'>cymbalon</span> <span class='ocrx_word' id='word_1_51' title='bbox 661 1276 821 1347; x_wconf 84' lang='lat' dir='ltr'>juventutis.</span> <span class='ocrx_word' id='word_1_52' title='bbox 970 1350 973 1355; x_wconf 85' lang='lat'><em>.</em></span> 
     </span>
     <span class='ocr_line' id='line_1_10' title="bbox 281 1374 919 1445; baseline 0 -18"><span class='ocrx_word' id='word_1_53' title='bbox 281 1375 397 1445; x_wconf 82' lang='lat' dir='ltr'><strong>Tuque,</strong></span> <span class='ocrx_word' id='word_1_54' title='bbox 414 1374 564 1429; x_wconf 80' lang='lat' dir='ltr'>bmearum</span> <span class='ocrx_word' id='word_1_55' title='bbox 575 1391 654 1441; x_wconf 82' lang='lat' dir='ltr'>cura,</span> <span class='ocrx_word' id='word_1_56' title='bbox 666 1376 748 1428; x_wconf 85' lang='lat' dir='ltr'>Sexte</span> <span class='ocrx_word' id='word_1_57' title='bbox 760 1413 768 1438; x_wconf 90' lang='lat'>,</span> <span class='ocrx_word' id='word_1_58' title='bbox 780 1388 919 1436; x_wconf 82' lang='lat' dir='ltr'>curarum,</span> 
     </span>
     <span class='ocr_line' id='line_1_11' title="bbox 282 1470 775 1539; baseline 0 -14"><span class='ocrx_word' id='word_1_59' title='bbox 282 1472 354 1525; x_wconf 87' lang='lat' dir='ltr'>Vale</span> <span class='ocrx_word' id='word_1_60' title='bbox 366 1472 460 1527; x_wconf 83' lang='lat' dir='ltr'>Sabine</span> <span class='ocrx_word' id='word_1_61' title='bbox 473 1492 479 1527; x_wconf 87' lang='lat' dir='ltr'>t</span> <span class='ocrx_word' id='word_1_62' title='bbox 491 1471 544 1539; x_wconf 81' lang='lat' dir='ltr'>iam</span> <span class='ocrx_word' id='word_1_63' title='bbox 554 1474 643 1527; x_wconf 81' lang='lat' dir='ltr'>valete</span> <span class='ocrx_word' id='word_1_64' title='bbox 654 1470 775 1527; x_wconf 72' lang='lat' dir='ltr'>sormoii.</span> 
     </span>
    </p>

    <p class='ocr_par' dir='ltr' id='par_1_7' title="bbox 282 1569 829 1640">
     <span class='ocr_line' id='line_1_12' title="bbox 282 1569 829 1640; baseline 0 -17"><span class='ocrx_word' id='word_1_65' title='bbox 282 1571 343 1624; x_wconf 82' lang='lat' dir='ltr'>Nos</span> <span class='ocrx_word' id='word_1_66' title='bbox 356 1571 488 1625; x_wconf 81' lang='lat' dir='ltr'>adbeatos</span> <span class='ocrx_word' id='word_1_67' title='bbox 498 1572 560 1624; x_wconf 86' lang='lat' dir='ltr'>vela</span> <span class='ocrx_word' id='word_1_68' title='bbox 571 1569 704 1625; x_wconf 83' lang='lat' dir='ltr'><strong>mittimus</strong></span> <span class='ocrx_word' id='word_1_69' title='bbox 713 1582 807 1640; x_wconf 81' lang='lat' dir='ltr'>portus</span> <span class='ocrx_word' id='word_1_70' title='bbox 820 1606 829 1634; x_wconf 84' lang='lat'>‚</span> 
     </span>
    </p>

    <p class='ocr_par' dir='ltr' id='par_1_8' title="bbox 283 1665 848 1834">
     <span class='ocr_line' id='line_1_13' title="bbox 284 1665 828 1737; baseline -0.002 -17"><span class='ocrx_word' id='word_1_71' title='bbox 284 1666 381 1737; x_wconf 77' lang='lat' dir='ltr'>Magni</span> <span class='ocrx_word' id='word_1_72' title='bbox 390 1679 510 1736; x_wconf 84' lang='lat' dir='ltr'>petentes</span> <span class='ocrx_word' id='word_1_73' title='bbox 522 1666 599 1721; x_wconf 66' lang='lat' dir='ltr'>dobba</span> <span class='ocrx_word' id='word_1_74' title='bbox 610 1666 679 1721; x_wconf 67' lang='lat' dir='ltr'>dista</span> <span class='ocrx_word' id='word_1_75' title='bbox 690 1665 828 1731; x_wconf 81' lang='lat' dir='ltr'>Scironis,</span> 
     </span>
     <span class='ocr_line' id='line_1_14' title="bbox 283 1763 848 1834; baseline -0.004 -15"><span class='ocrx_word' id='word_1_76' title='bbox 283 1764 433 1834; x_wconf 82' lang='lat' dir='ltr'>vitamque</span> <span class='ocrx_word' id='word_1_77' title='bbox 444 1765 475 1818; x_wconf 99' lang='lat' dir='ltr'>ab</span> <span class='ocrx_word' id='word_1_78' title='bbox 487 1763 564 1818; x_wconf 87' lang='lat' dir='ltr'>omni</span> <span class='ocrx_word' id='word_1_79' title='bbox 573 1763 767 1818; x_wconf 81' lang='lat' dir='ltr'>vindicabimus</span> <span class='ocrx_word' id='word_1_80' title='bbox 778 1780 848 1817; x_wconf 83' lang='lat' dir='ltr'>cura.</span> 
     </span>
    </p>

    <p class='ocr_par' dir='ltr' id='par_1_9' title="bbox 283 1858 942 2226">
     <span class='ocr_line' id='line_1_15' title="bbox 283 1858 942 1931; baseline -0.002 -16"><span class='ocrx_word' id='word_1_81' title='bbox 283 1863 326 1915; x_wconf 89' lang='lat' dir='ltr'>Ite</span> <span class='ocrx_word' id='word_1_82' title='bbox 337 1861 401 1914; x_wconf 89' lang='lat' dir='ltr'>hinc</span> <span class='ocrx_word' id='word_1_83' title='bbox 413 1864 536 1915; x_wconf 82' lang='lat' dir='ltr'>Caruenae</span> <span class='ocrx_word' id='word_1_84' title='bbox 546 1901 554 1926; x_wconf 86' lang='lat'><strong>‚</strong></span> <span class='ocrx_word' id='word_1_85' title='bbox 566 1879 619 1916; x_wconf 83' lang='lat' dir='ltr'>vos</span> <span class='ocrx_word' id='word_1_86' title='bbox 628 1878 737 1931; x_wconf 86' lang='lat' dir='ltr'>quoque</span> <span class='ocrx_word' id='word_1_87' title='bbox 747 1858 833 1913; x_wconf 87' lang='lat' dir='ltr'>limite</span> <span class='ocrx_word' id='word_1_88' title='bbox 843 1858 942 1927; x_wconf 71' lang='lat' dir='ltr'>saeve,</span> 
     </span>
     <span class='ocr_line' id='line_1_16' title="bbox 285 1959 886 2025; baseline -0.003 -11"><span class='ocrx_word' id='word_1_89' title='bbox 285 1962 389 2014; x_wconf 87' lang='lat' dir='ltr'>Dulces</span> <span class='ocrx_word' id='word_1_90' title='bbox 397 1963 519 2016; x_wconf 81' lang='lat' dir='ltr'>Camenae</span> <span class='ocrx_word' id='word_1_91' title='bbox 531 1981 538 2016; x_wconf 82' lang='lat' dir='ltr'>t</span> <span class='ocrx_word' id='word_1_92' title='bbox 551 1979 613 2015; x_wconf 83' lang='lat' dir='ltr'>nam</span> <span class='ocrx_word' id='word_1_93' title='bbox 624 1959 765 2015; x_wconf 78' lang='lat' dir='ltr'>fatebimur</span> <span class='ocrx_word' id='word_1_94' title='bbox 774 1976 886 2025; x_wconf 82' lang='lat' dir='ltr'>verum,</span> 
     </span>
     <span class='ocr_line' id='line_1_17' title="bbox 284 2058 838 2134; baseline 0.004 -22"><span class='ocrx_word' id='word_1_95' title='bbox 284 2060 389 2112; x_wconf 80' lang='lat' dir='ltr'>Dulces</span> <span class='ocrx_word' id='word_1_96' title='bbox 399 2058 482 2114; x_wconf 80' lang='lat' dir='ltr'>fuistis</span> <span class='ocrx_word' id='word_1_97' title='bbox 495 2079 502 2114; x_wconf 80' lang='lat' dir='ltr'>t</span> <span class='ocrx_word' id='word_1_98' title='bbox 516 2061 543 2112; x_wconf 90' lang='lat'>&amp;</span> <span class='ocrx_word' id='word_1_99' title='bbox 553 2075 644 2114; x_wconf 87' lang='lat' dir='ltr'>tamen</span> <span class='ocrx_word' id='word_1_100' title='bbox 652 2077 725 2134; x_wconf 63' lang='lat' dir='ltr'>meat</span> <span class='ocrx_word' id='word_1_101' title='bbox 737 2060 838 2114; x_wconf 76' lang='lat' dir='ltr'>chartas</span> 
     </span>
     <span class='ocr_line' id='line_1_18' title="bbox 286 2153 774 2226; baseline 0 -15"><span class='ocrx_word' id='word_1_102' title='bbox 286 2156 438 2211; x_wconf 84' lang='lat' dir='ltr'>Revifitote</span> <span class='ocrx_word' id='word_1_103' title='bbox 450 2176 458 2212; x_wconf 81' lang='lat' dir='ltr'>r</span> <span class='ocrx_word' id='word_1_104' title='bbox 470 2157 515 2211; x_wconf 89' lang='lat' dir='ltr'>sed</span> <span class='ocrx_word' id='word_1_105' title='bbox 525 2159 654 2226; x_wconf 87' lang='lat' dir='ltr'>pudenter</span> <span class='ocrx_word' id='word_1_106' title='bbox 665 2155 693 2210; x_wconf 77' lang='lat' dir='ltr'>bt</span> <span class='ocrx_word' id='word_1_107' title='bbox 703 2153 774 2212; x_wconf 68' lang='lat' dir='ltr'>rari).</span> 
     </span>
    </p>
   </div>
   <div class='ocr_carea' id='block_1_4' title="bbox 449 2277 880 2350">
    <p class='ocr_par' dir='ltr' id='par_1_10' title="bbox 449 2277 880 2350">
     <span class='ocr_line' id='line_1_19' title="bbox 449 2277 880 2350; baseline 0.009 -19"><span class='ocrx_word' id='word_1_108' title='bbox 449 2279 494 2331; x_wconf 82' lang='lat' dir='ltr'>De</span> <span class='ocrx_word' id='word_1_109' title='bbox 511 2279 601 2332; x_wconf 80' lang='lat' dir='ltr'>Sabino</span> <span class='ocrx_word' id='word_1_110' title='bbox 618 2279 722 2350; x_wconf 78' lang='lat' dir='ltr'>parodia</span> <span class='ocrx_word' id='word_1_111' title='bbox 740 2277 880 2335; x_wconf 73' lang='lat' dir='ltr'>Catuliana.</span> 
     </span>
    </p>
   </div>
   <div class='ocr_carea' id='block_1_5' title="bbox 287 2399 931 3232">
    <p class='ocr_par' dir='ltr' id='par_1_11' title="bbox 287 2399 931 3232">
     <span class='ocr_line' id='line_1_20' title="bbox 288 2399 829 2471; baseline 0 -17"><span class='ocrx_word' id='word_1_112' title='bbox 288 2399 401 2454; x_wconf 84' lang='lat' dir='ltr'>Sabinus</span> <span class='ocrx_word' id='word_1_113' title='bbox 413 2399 459 2457; x_wconf 91' lang='lat' dir='ltr'>ille</span> <span class='ocrx_word' id='word_1_114' title='bbox 470 2439 477 2465; x_wconf 86' lang='lat'>‚</span> <span class='ocrx_word' id='word_1_115' title='bbox 490 2418 570 2470; x_wconf 85' lang='lat' dir='ltr'>quem</span> <span class='ocrx_word' id='word_1_116' title='bbox 580 2400 679 2456; x_wconf 80' lang='lat' dir='ltr'>videtis</span> <span class='ocrx_word' id='word_1_117' title='bbox 688 2399 808 2471; x_wconf 80' lang='lat' dir='ltr'>hospites</span> <span class='ocrx_word' id='word_1_118' title='bbox 819 2439 829 2466; x_wconf 77' lang='grc'><em>,</em></span> 
     </span>
     <span class='ocr_line' id='line_1_21' title="bbox 288 2495 700 2552; baseline -0.002 -1"><span class='ocrx_word' id='word_1_119' title='bbox 288 2498 337 2552; x_wconf 80' lang='lat' dir='ltr'>Ait</span> <span class='ocrx_word' id='word_1_120' title='bbox 347 2495 423 2551; x_wconf 80' lang='lat' dir='ltr'>fuiffe</span> <span class='ocrx_word' id='word_1_121' title='bbox 434 2495 519 2552; x_wconf 83' lang='lat' dir='ltr'>mulio</span> <span class='ocrx_word' id='word_1_122' title='bbox 528 2497 681 2552; x_wconf 86' lang='lat' dir='ltr'>celerrimus</span> <span class='ocrx_word' id='word_1_123' title='bbox 692 2516 700 2550; x_wconf 79' lang='lat' dir='ltr'>r</span> 
     </span>
     <span class='ocr_line' id='line_1_22' title="bbox 287 2591 802 2666; baseline -0.008 -16"><span class='ocrx_word' id='word_1_124' title='bbox 287 2598 384 2666; x_wconf 84' lang='lat' dir='ltr'>Neque</span> <span class='ocrx_word' id='word_1_125' title='bbox 393 2595 473 2651; x_wconf 84' lang='lat' dir='ltr'>unius</span> <span class='ocrx_word' id='word_1_126' title='bbox 482 2595 601 2649; x_wconf 86' lang='lat' dir='ltr'>volantis</span> <span class='ocrx_word' id='word_1_127' title='bbox 612 2594 745 2664; x_wconf 86' lang='lat' dir='ltr'>impetum</span> <span class='ocrx_word' id='word_1_128' title='bbox 756 2591 802 2647; x_wconf 79' lang='lat' dir='ltr'>cifi</span> 
     </span>
     <span class='ocr_line' id='line_1_23' title="bbox 288 2690 795 2764; baseline -0.008 -16"><span class='ocrx_word' id='word_1_129' title='bbox 288 2691 416 2764; x_wconf 83' lang='lat' dir='ltr'>Nequiffe</span> <span class='ocrx_word' id='word_1_130' title='bbox 424 2690 560 2763; x_wconf 70' lang='lat' dir='ltr'>preterire</span> <span class='ocrx_word' id='word_1_131' title='bbox 572 2712 579 2746; x_wconf 73' lang='grc' dir='ltr'><strong>ε</strong></span> <span class='ocrx_word' id='word_1_132' title='bbox 589 2692 645 2744; x_wconf 83' lang='lat' dir='ltr'>five</span> <span class='ocrx_word' id='word_1_133' title='bbox 655 2691 795 2744; x_wconf 82' lang='lat' dir='ltr'>Mantuam</span> 
     </span>
     <span class='ocr_line' id='line_1_24' title="bbox 290 2786 782 2861; baseline -0.008 -15"><span class='ocrx_word' id='word_1_134' title='bbox 290 2792 370 2861; x_wconf 82' lang='lat' dir='ltr'>Opus</span> <span class='ocrx_word' id='word_1_135' title='bbox 381 2791 451 2844; x_wconf 77' lang='lat' dir='ltr'>foret</span> <span class='ocrx_word' id='word_1_136' title='bbox 461 2792 554 2843; x_wconf 83' lang='lat' dir='ltr'>volare</span> <span class='ocrx_word' id='word_1_137' title='bbox 564 2827 573 2853; x_wconf 87' lang='lat'><strong>‚</strong></span> <span class='ocrx_word' id='word_1_138' title='bbox 585 2788 641 2841; x_wconf 86' lang='lat' dir='ltr'>five</span> <span class='ocrx_word' id='word_1_139' title='bbox 652 2786 782 2842; x_wconf 87' lang='lat' dir='ltr'>Brixiam.</span> 
     </span>
     <span class='ocr_line' id='line_1_25' title="bbox 289 2883 903 2960; baseline -0.005 -17"><span class='ocrx_word' id='word_1_140' title='bbox 289 2891 384 2960; x_wconf 87' lang='lat' dir='ltr'>Neque</span> <span class='ocrx_word' id='word_1_141' title='bbox 392 2888 445 2942; x_wconf 87' lang='lat' dir='ltr'>hoc</span> <span class='ocrx_word' id='word_1_142' title='bbox 454 2901 533 2957; x_wconf 81' lang='lat' dir='ltr'>negat</span> <span class='ocrx_word' id='word_1_143' title='bbox 543 2885 690 2955; x_wconf 83' lang='lat' dir='ltr'>Tripbonis</span> <span class='ocrx_word' id='word_1_144' title='bbox 703 2883 793 2938; x_wconf 82' lang='lat' dir='ltr'>aemuli</span> <span class='ocrx_word' id='word_1_145' title='bbox 804 2885 903 2940; x_wconf 80' lang='lat' dir='ltr'>domur</span> 
     </span>
     <span class='ocr_line' id='line_1_26' title="bbox 289 2981 820 3057; baseline -0.006 -16"><span class='ocrx_word' id='word_1_146' title='bbox 289 2989 394 3057; x_wconf 78' lang='lat' dir='ltr'>Negare</span> <span class='ocrx_word' id='word_1_147' title='bbox 405 2986 541 3048; x_wconf 82' lang='lat' dir='ltr'>nobilem,</span> <span class='ocrx_word' id='word_1_148' title='bbox 552 2983 700 3038; x_wconf 84' lang='lat' dir='ltr'>insulamve</span> <span class='ocrx_word' id='word_1_149' title='bbox 713 2981 820 3038; x_wconf 83' lang='lat' dir='ltr'>caeruli:</span> 
     </span>
     <span class='ocr_line' id='line_1_27' title="bbox 289 3081 827 3156; baseline -0.015 -13"><span class='ocrx_word' id='word_1_150' title='bbox 289 3087 344 3143; x_wconf 86' lang='lat' dir='ltr'>Ubi</span> <span class='ocrx_word' id='word_1_151' title='bbox 356 3083 404 3140; x_wconf 84' lang='lat' dir='ltr'>iste</span> <span class='ocrx_word' id='word_1_152' title='bbox 415 3083 473 3156; x_wconf 82' lang='lat' dir='ltr'>post</span> <span class='ocrx_word' id='word_1_153' title='bbox 483 3084 594 3139; x_wconf 78' lang='lat' dir='ltr'>Sabinus</span> <span class='ocrx_word' id='word_1_154' title='bbox 604 3122 612 3148; x_wconf 85' lang='lat'>,</span> <span class='ocrx_word' id='word_1_155' title='bbox 624 3097 686 3138; x_wconf 87' lang='lat' dir='ltr'>ante</span> <span class='ocrx_word' id='word_1_156' title='bbox 698 3081 827 3151; x_wconf 71' lang='lat' dir='ltr'>Quintiio</span> 
     </span>
     <span class='ocr_line' id='line_1_28' title="bbox 823 3174 931 3232; baseline 0 0"><span class='ocrx_word' id='word_1_157' title='bbox 823 3181 848 3232; x_wconf 92' lang='lat' dir='ltr'>L</span> <span class='ocrx_word' id='word_1_158' title='bbox 864 3179 895 3232; x_wconf 72' lang='lat' dir='ltr'>iu</span> <span class='ocrx_word' id='word_1_159' title='bbox 928 3174 931 3179; x_wconf 67' lang='grc'><strong>’</strong></span> 
     </span>
    </p>
   </div>
   <div class='ocr_carea' id='block_1_6' title="bbox 0 0 1377 3925">
    <p class='ocr_par' dir='ltr' id='par_1_12' title="bbox 0 0 1377 3925">
     <span class='ocr_line' id='line_1_29' title="bbox 0 0 1377 3925; baseline 0 0"><span class='ocrx_word' id='word_1_160' title='bbox 0 0 1377 3925; x_wconf 95' lang='lat' dir='ltr'> </span> 
     </span>
    </p>
   </div>
  </div>
 </body>
</html>
