2700 3925
362 665 416 741 72
560 636 899 720 AEmatoos

363 800 458 854 Cernis
470 841 478 865 ‚
491 818 548 870 quae
559 803 673 855 Rutulos
683 802 775 855 habeat
785 800 880 855 fiducia
889 817 988 853 rtrum:

362 896 476 949 Lumina
487 916 542 950 rara
554 898 669 951 micant:
681 898 776 951 somno
785 898 906 968 vinoque
915 896 993 951 soluti

308 1004 360 1056 190
368 995 551 1056 Procubucre·,
566 996 642 1048 silent
653 994 706 1048 late
716 997 783 1048 loca.
795 993 904 1064 Pertipe
914 1011 995 1062 porro

362 1091 436 1158 Quid
445 1092 561 1145 dubitem
569 1131 577 1155 ‚
585 1091 611 1143 δι
621 1109 680 1161 quae
690 1108 760 1143 nunc
769 1091 861 1144 animo
869 1091 998 1144 sententia
1007 1091 1070 1159 stup!

362 1190 466 1243 AEnean
476 1190 553 1242 acciri
563 1206 672 1254 omnes,
685 1190 867 1259 populusque,
879 1190 1031 1259 patresque,

364 1289 516 1356 Exposcunt
528 1325 536 1349 ‚
551 1285 675 1355 mittique
686 1285 763 1338 viros
775 1326 783 1350 ‚
800 1286 847 1355 qui
859 1302 930 1339 certa
941 1297 1069 1354 reportent.

326 1425 330 1432 .
364 1384 392 1436 Si
403 1386 451 1437 tibi
463 1402 521 1454 que
532 1384 614 1452 posco
624 1383 785 1452 promittunt
795 1384 806 1451 (
815 1399 876 1435 nam
886 1384 953 1435 mihi
962 1384 1021 1436 fasti

312 1492 360 1545 195
371 1484 449 1535 Fama
460 1483 498 1535 sat
507 1480 563 1551 est)
574 1483 678 1533 tumulo
689 1481 785 1533 videor
796 1480 912 1548 reperire
923 1481 968 1534 sub
979 1480 1024 1533 illo

364 1579 440 1633 Posse
451 1581 525 1633 viam
534 1580 565 1631 ad
575 1594 666 1629 muros
680 1576 706 1628 ἃ
715 1576 816 1629 moenia
827 1576 971 1631 Pallantea.

358 1723 366 1730 .
402 1675 544 1744 Obstupuit
556 1688 653 1743 magno
664 1673 771 1725 laudum
783 1673 918 1741 perculsus
931 1691 1020 1727 amore

366 1774 512 1842 Euryalum
525 1772 600 1824 simul
609 1770 651 1823 his
660 1771 794 1823 ardentem
804 1768 897 1823 affatur
908 1772 1035 1825 amicum:

366 1871 448 1924 Mene
460 1869 541 1941 igitur
550 1868 651 1922 socium
660 1867 771 1920 summis
782 1866 923 1938 adjungere
933 1871 1023 1933 rebus,

312 1970 449 2033 zooNise,
459 1969 548 2039 sugis?
562 1970 647 2021 solum
657 1982 684 2019 te
696 1967 725 2018 in
736 1980 808 2019 tanta
819 1966 936 2034 pericula
949 1966 1063 2020 mittam?

367 2069 430 2120 Non
441 2067 478 2121 ita
487 2085 529 2120 me
540 2066 644 2137 genitor
652 2064 730 2118 bellis
739 2063 851 2117 assuetus
862 2063 994 2132 Opheltes

366 2167 520 2235 Argolicum
530 2180 659 2217 terrorem
671 2163 758 2227 inter,
773 2160 914 2230 Trojaeque
926 2164 1029 2216 labotes

367 2266 503 2316 Sublatum
514 2261 610 2315 erudiit
620 2281 628 2321 3
644 2278 693 2314 nec
704 2277 792 2314 tecum
804 2260 866 2312 talia
876 2260 953 2330 gerii,

367 2360 567 2430 Magnanimum
577 2358 678 2410 AEnean
689 2359 715 2410 &
725 2359 776 2412 sara
786 2373 904 2410 extrema
917 2358 1031 2410 secutus.

313 2472 361 2522 205
373 2457 413 2508 Est
424 2459 485 2520 laic,
501 2456 538 2509 est
548 2455 651 2507 animus
660 2456 727 2508 lucis
740 2469 910 2522 contemptor
923 2493 930 2518 ‚
947 2455 975 2507 ὅ(
988 2455 1058 2506 istum

368 2555 424 2621 Qui
434 2554 491 2607 viti
501 2556 567 2607 bene
574 2554 662 2606 ‘credat
672 2553 725 2605 emi
736 2593 743 2617 ,
760 2552 813 2622 qud
828 2551 913 2605 tendis
927 2592 934 2615 ‚
947 2553 1068 2604 honorem

403 2652 483 2705 Nisus
494 2655 525 2704 ad
535 2653 607 2703 haec:
618 2651 746 2719 Equidem
756 2652 787 2702 de
797 2665 825 2702 te
835 2649 872 2701 nil
882 2650 934 2701 tale
943 2650 1068 2704 verebat;

367 2754 424 2804 Nec
435 2752 473 2804 fas
486 2769 494 2811 3
508 2766 580 2802 non:
595 2748 631 2799 ita
644 2765 686 2798 me
698 2747 793 2798 reserat
804 2745 852 2797 tibi
862 2760 972 2813 magnus
983 2759 1068 2797 ovanti

367 2849 471 2918 Jupiter
484 2885 491 2908 ,
508 2859 551 2896 aut
563 2843 722 2912 quicumque
732 2841 817 2893 oculis
826 2842 881 2892 haec
891 2840 984 2908 aspicit
997 2839 1068 2910 aequir

266 3004 268 3010 ,
312 2945 453 3000 2roseds1
466 2943 525 3013 quis
537 2940 547 3004 (
558 2957 616 3011 quae
624 2941 707 2991 multa
715 2938 792 2989 vides
802 2937 952 2990 discrimine
962 2939 1030 3009 tali)

303 3070 313 3113 ,ν
367 3043 397 3095 Si
407 3041 466 3109 quis
476 3041 504 3091 in
513 3037 650 3091 adversum
658 3034 742 3102 rapiat
752 3034 858 3087 casusve
870 3035 995 3100 Deusve‚

367 3139 407 3191 Te
417 3133 545 3203 superesse
555 3132 638 3211 velim
652 3151 659 3183 t
672 3147 718 3183 tua
729 3131 787 3183 vird
800 3132 905 3201 dignior
915 3147 992 3186 πτας.»

368 3233 409 3285 Sit
418 3231 464 3301 qui
473 3248 516 3285 me
525 3244 626 3299 raptum
637 3228 726 3297 pugni
737 3228 859 3299 pretiove
870 3231 1036 3297 redemptum

369 3331 479 3408 Mandet
486 3329 569 3383 humo
577 3323 671 3386 soliti;
681 3340 741 3393 aut,
751 3325 770 3379 si
780 3343 831 3396 qua
841 3324 867 3377 id
876 3324 982 3379 fortuna
992 3322 1066 3378 tietab

1002 3419 1067 3474 Absu

239 3586 348 3664 ἱ
