2700 3925
432 407 680 509 Lrsseit
730 417 790 507 X.
910 449 981 505 ιιι

239 587 314 643 Τιιιιι
323 587 393 643 verd
402 589 504 644 AEnean
515 590 637 643 aversum
648 604 679 641 ut
691 590 782 641 cedere
793 588 900 641 Turnus

242 687 379 752 Credidit,
390 702 468 756 atque
475 686 566 739 animo
572 687 647 755 spem
652 685 770 738 turbidus
776 684 860 737 hausit
869 683 989 738 inanem:

245 784 309 851 Qud
318 785 389 855 fugis
400 824 409 849 ,
421 784 522 839 AEnea?
533 786 665 838 thalamos
676 801 710 836 ne
722 783 810 836 desere
819 780 926 851 pactos:

245 882 302 935 Hae
314 884 418 935 dabitur
430 882 522 936 dexttd
531 886 610 937 tellus
621 882 727 953 quaesrta
735 898 784 951 per
791 882 883 935 undis.
994 874 1048 940 650

245 979 320 1033 Taua
329 980 483 1033 vociferans
495 980 614 1050 sequitur
624 1020 632 1045 ,
643 979 813 1049 studiumque
822 977 942 1032 coruscat

247 1075 408 1129 Mucronem
419 1094 427 1137 ι
440 1092 489 1129 nec
501 1077 569 1129 ferre
579 1076 655 1132 videt
666 1077 711 1130 sua
721 1077 813 1147 gaudia
821 1089 930 1130 ventos.

281 1170 364 1225 Forte
374 1172 456 1236 tatis,
470 1172 530 1225 celsi
542 1171 683 1237 coniuncta
691 1172 826 1240 crepidine
835 1172 910 1237 saxi,

246 1268 384 1339 Expositis
394 1268 475 1321 stabat
485 1269 561 1322 scalis
573 1270 600 1322 δι
611 1285 695 1338 ponte
705 1282 797 1337 parato
807 1308 815 1333 ‚
846 1301 851 1316 .

245 1366 309 1435 Qui
319 1383 371 1420 rex
381 1366 630 1420 Clufinisadvedtus
643 1366 753 1419 Osinius
765 1365 831 1419 oris.
997 1362 1027 1426 65
1037 1378 1047 1426 5

245 1463 308 1517 Huc
317 1465 374 1517 sese
383 1447 485 1533 trepida
493 1463 585 1517 AEneae
593 1464 720 1535 fugientis
732 1463 823 1535 imago

245 1561 370 1629 conjicit
381 1562 411 1615 in
421 1562 533 1615 latebras
545 1579 554 1623 ·,
567 1578 616 1615 nec
626 1562 732 1615 Turnus
743 1560 852 1632 segnior
862 1559 956 1625 instat,

245 1660 449 1729 Exsupemtque
460 1676 549 1713 moras
561 1699 569 1724 ‚
582 1660 719 1728 &pontes
730 1658 841 1712 transilit
852 1660 931 1713 altos.

246 1757 308 1810 vix
318 1772 428 1825 proram
441 1755 580 1827 attigerat,
592 1756 693 1824 rumpit
704 1756 824 1809 Saturnia
833 1756 940 1820 sunem,

237 1854 430 1936 *Avtdsamque
440 1852 509 1921 rapit
517 1855 640 1907 revoluta
650 1870 699 1922 per
712 1870 819 1923 aequora
828 1859 935 1907 navem.
997 1851 1052 1903 660

245 1954 330 2006 Illum
338 1965 427 2005 autem
436 1949 534 2004 AEneas
543 1949 676 2004 absentem
686 1949 715 2002 in
724 1949 820 2019 proelia
828 1949 931 2020 poscit:

249 2048 342 2103 Obvia
353 2049 437 2100 multa
447 2046 537 2101 vitdm
549 2046 664 2100 demittit
679 2063 792 2116 corpora
804 2048 904 2114 morti,

247 2147 320 2199 Tum
332 2144 403 2198 levis
412 2145 482 2197 baud
489 2142 558 2196 uitrd
569 2145 681 2197 latebras
693 2144 745 2211 jam
756 2147 850 2215 querit
859 2145 968 2218 imago,

247 2245 302 2296 Sed
312 2241 425 2296 sublime
436 2245 532 2296 volans
542 2242 606 2296 nubi
615 2242 642 2295 se
654 2242 798 2297 immiscuit
808 2259 886 2306 atrae3

249 2343 320 2396 Cium
331 2342 455 2394 Turnum
466 2341 556 2394 medio
568 2341 669 2403 interea
678 2341 728 2395 fert
737 2359 845 2412 aequore
854 2344 942 2397 turbo.
999 2342 1049 2410 665

248 2438 370 2510 Respicit
380 2437 487 2508 ignatus
499 2455 587 2492 rerum
598 2478 605 2502 ,
618 2437 787 2509 ingratusque
796 2439 885 2493 salutis
895 2458 905 2501 3

249 2540 282 2590 Et
293 2536 413 2605 duplices
424 2552 484 2605 curn
493 2552 563 2588 voce
572 2551 665 2601 manus
677 2538 710 2588 ad
720 2535 801 2588 sidera
809 2538 908 2591 tendit:

250 2632 436 2702 Omnipotens
449 2632 582 2701 Genitor,
594 2637 750 2686 tanton‘me
762 2633 873 2688 crimine
888 2633 996 2707 dignum

249 2730 381 2785 Duxisti?
395 2730 422 2782 δι
432 2732 498 2783 tales
508 2728 617 2782 voluisti
629 2730 778 2798 expendere
790 2732 906 2797 poenas?

249 2809 314 2896 Qui>
320 2827 405 2882 seror?
411 2827 481 2877 unde
487 2824 552 2877 abii?
559 2842 617 2894 quae
623 2841 666 2877 me
673 2825 745 2894 fuga?
754 2842 868 2895 quemve
874 2831 991 2886 reducet?
999 2833 1052 2899 670

250 2923 430 2979 Laurentesne
439 2922 536 2975 iterum
547 2938 638 2974 muros
650 2935 695 2974 aut
706 2921 786 2975 castra
795 2922 912 2980 videbo?

249 3024 324 3090 Quid
333 3037 428 3075 manus
435 3019 576 3074 illavirdnr
584 3058 592 3083 ‚
599 3019 995 3092 quintemeaquearmasecuti?

249 3118 403 3189 Quosque(
413 3118 507 3187 neser)
523 3134 618 3174 omnes
629 3118 734 3174 infanda
743 3119 773 3174 in
781 3134 869 3175 morte
877 3120 994 3193 reliqui?

326 3216 415 3269 Tamus
432 3216 478 3273 11.
870 3219 890 3271 F
