2700 3925
301 420 380 516 284
403 412 623 498 Mrem
639 414 979 498 Suburburum
1041 415 1045 428 '

297 579 435 631 illaturum
447 580 518 632 astris
530 599 536 632 z
547 579 611 648 quid
620 596 692 632 nunc
703 581 752 632 sub
762 580 873 649 pedore
882 578 982 632 versas?

298 673 410 744 Jamque
422 690 496 744 optat
505 691 607 728 matura
616 677 698 744 polos
707 677 804 728 AEneia
814 677 910 728 virtus.

336 771 395 825 Olli
402 773 540 825 bominum
546 774 627 836 sator,
634 788 717 842 atque
723 774 815 826 Deum
821 773 893 825 dedit
899 771 986 830 oscula,
992 761 1045 818 tidtfl

299 868 408 922 Peeore
414 872 494 922 verba
506 870 592 924 ferens
600 890 607 922 t
615 870 755 936 Quantdm
764 870 900 939 Cytherea
909 877 1023 937 potenten

298 966 329 1018 ΑΞ
334 984 425 1030 neam,
435 968 613 1037 AEneadasque
624 983 721 1020 omnes
733 966 844 1020 infeffus
852 964 939 1018 amavi

299 1064 331 1114 Et
341 1064 409 1116 terrd
419 1103 426 1127 ‚
441 1066 467 1116 δι
476 1067 571 1134 pelago
582 1103 589 1126 ‚
603 1065 629 1116 δι
636 1062 688 1132 ¹p‘er
695 1076 770 1116 tenta
780 1063 898 1131 pericula
908 1059 1005 1119 vedios,

298 1159 390 1212 Nosti:
404 1162 430 1211 δι
439 1161 507 1228 saepe
518 1162 641 1229 equidem
650 1160 757 1214 indolui
765 1173 919 1213 commotus
929 1169 1007 1209 amore

300 1254 388 1307 Gnata
400 1271 447 1308 tuo
458 1276 464 1309 ι
475 1259 633 1325 tandemque
645 1256 722 1309 malis
735 1257 844 1310 Junone
854 1253 961 1308 secundi

298 1352 418 1420 Intposui
427 1350 508 1406 finem
520 1371 527 1404 ι
540 1368 609 1404 nunc
619 1351 666 1404 stat
676 1352 810 1405 sententia
821 1352 922 1415 menti,

298 1448 360 1512 Qua
371 1448 507 1514 duetorem
518 1451 573 1500 alto
585 1447 732 1518 Phrygium
743 1448 884 1503 succedere
896 1449 961 1501 coelo
1024 1440 1027 1445 ’

297 1544 414 1607 Institui‚
428 1546 455 1596 ἃ
464 1543 540 1596 firma
549 1544 586 1596 est
596 1584 603 1608 ,
615 1561 781 1614 numeroque
791 1545 891 1599 inferre
899 1546 1008 1596 Deorum

298 1638 420 1702 Constet,
434 1641 460 1692 δι
471 1640 498 1690 id
511 1643 631 1695 concedo
639 1640 725 1694 libens
737 1660 744 1695 τ
755 1655 786 1693 tu
796 1643 817 1694 sr
827 1643 892 1712 quid
903 1640 993 1708 inipso

298 1735 414 1788 Mortale
425 1736 478 1799 est,
490 1737 595 1802 adime,
607 1753 688 1808 atque
697 1738 770 1792 astris
782 1738 936 1809 ingentibus
945 1739 1015 1791 addet

299 1834 374 1899 Quin
383 1834 401 1885 st
411 1834 479 1887 alios
489 1834 534 1886 sua
543 1835 620 1889 habet
629 1835 735 1897 virtus,
752 1835 799 1903 qui
811 1837 887 1888 laude
900 1833 1003 1904 perenni

298 1931 444 2002 Accingunt
455 1932 527 1995 sese,
541 1931 655 2002 &gestis
667 1931 850 2000 prestantibus
862 1935 956 1987 orbem

298 2031 436 2081 Exornent
447 2069 454 2090 ,
470 2030 531 2081 illos
541 2029 642 2081 rursum
651 2029 729 2097 supet
739 2031 837 2083 aethem
847 2031 962 2086 mittam.

299 2124 436 2179 Adsensere
446 2144 539 2180 omnes
551 2126 662 2196 Superi,
679 2144 728 2180 nec
737 2129 811 2197 regia
820 2130 833 2182 J
836 2146 893 2180 uno

299 2226 415 2277 Abnuir:
428 2239 454 2276 at
464 2241 588 2294 magnum
600 2224 711 2276 AEneam
720 2224 844 2278 suadebat
853 2229 886 2279 ad
895 2229 977 2279 altum

300 2321 393 2375 Efferri
403 2325 501 2375 coelum
511 2361 518 2384 ‚
533 2323 559 2374 ὅ(
570 2338 652 2374 voces
661 2323 771 2374 addebat
781 2324 891 2377 amicas.

336 2420 406 2471 Tum
418 2421 511 2472 Venus
523 2418 605 2471 a'erias
616 2419 749 2470 descendit
760 2420 832 2486 lapsa
844 2437 892 2489 per
905 2440 995 2484 auras,

299 2515 511 2583 Laurentumque
520 2515 587 2584 petit
597 2535 604 2568 ι
614 2515 703 2568 vicina
713 2515 853 2570 Numicius
865 2519 945 2571 undis

299 2612 443 2664 Flumineis
452 2613 497 2663 ubi
509 2613 627 2664 currit-in
635 2629 742 2681 aequora
753 2615 882 2666 arundine
895 2615 989 2668 restus.

299 2709 375 2759 Tunc
387 2725 482 2777 corpus
493 2709 547 2760 nati
558 2710 673 2770 abluere,-
684 2709 709 2759 &
719 2709 819 2761 deferre
828 2710 875 2762 sub
888 2715 970 2764 undas

300 2804 435 2873 Quicquid
444 2807 616 2857 erarmortale
625 2805 697 2870 jubet
704 2824 711 2857 ε
719 2807 813 2859 dehinc
824 2809 884 2860 laetn
892 2822 1031 2868 recentem,

299 2901 466 2970 Felicemque
478 2903 592 2955 animam
605 2905 692 2956 secum
705 2904 782 2972 super
793 2906 854 2958 ne'ra
865 2907 959 2960 duxit:

298 2998 461 3066 Immifitque
472 3000 582 3053 AEneam
593 3000 665 3052 astris
676 3040 684 3063 ‚
698 3017 776 3069 quem
786 3001 857 3054 Julia
866 3006 957 3070 proles

297 3093 444 3165 Indigetem
453 3099 586 3165 appellat,
601 3097 759 3165 templisque
767 3096 886 3168 imponit
896 3100 1017 3153 honores.

581 3193 605 3246 F
621 3192 637 3247 1
654 3194 685 3246 Ν
699 3192 715 3244 Ι
730 3192 760 3248 S.
