2700 3925
287 461 289 466 ·
372 426 451 503 186
563 417 909 500 AErvurnos

365 583 565 653 Agglotnerant.
574 582 645 635 Ferit
653 559 1090 655 ensegiuvemTymbrausOsrrint

365 679 1092 750 ArchetiumMnestheus,Epulonemobtruncatllcltatcs,

310 776 365 840 460
370 778 551 847 Ufentemque
561 776 646 848 Gyas.
658 777 736 831 Cadit
743 776 801 847 ipse
811 779 973 833 Tolumnius
984 797 1074 850 augur,

367 875 471 929 Primus
482 876 511 928 in
520 876 645 929 adversos
654 877 738 929 telum
747 874 795 945 qui
803 875 919 929 torserat
927 876 1023 933 hostes.

367 974 488 1026 Tollitur
496 972 526 1025 in
536 975 632 1025 coelum
641 975 758 1027 clamor:
771 973 896 1043 vertique
907 974 1023 1032 viciffim

367 1070 555 1124 Pulvenrlenta
565 1069 627 1139 lugd
637 1068 731 1121 Rutuli
740 1070 803 1122 dant
812 1082 888 1141 terga
896 1086 946 1140 per
954 1087 1042 1142 agros.

366 1168 425 1237 lpse
434 1183 521 1237 neque
533 1166 640 1220 aversos
650 1164 773 1235 dignatur
781 1164 898 1221 sternere
907 1168 1010 1229 motti,

311 1266 362 1333 465
372 1268 428 1318 Nec
440 1267 507 1334 pede
518 1261 669 1334 congressos
683 1279 761 1332 aequo
774 1302 782 1327 ,
795 1279 846 1318 nec
855 1266 910 1318 tela
920 1266 1036 1319 serenus

368 1362 518 1432 Insequitur
530 1380 537 1413 τ
550 1360 639 1413 solum
649 1359 729 1412 densa
740 1358 769 1412 in
778 1359 894 1431 caligine
904 1362 1027 1419 Trunutn

368 1458 488 1529 Vestigat
496 1458 624 1522 bilbant,
643 1458 731 1511 solum
743 1456 772 1510 in
783 1458 931 1513 certamina
939 1458 1036 1529 poscit.

405 1555 467 1607 Hoc
477 1554 599 1608 conculsa
610 1568 685 1608 rnetu
695 1570 815 1609 mentem
824 1557 939 1611 Juturna
947 1556 1059 1631 virago,

263 1705 267 1712 ,
367 1651 495 1723 Aurigam
506 1650 595 1704 Turni
603 1652 691 1705 media
700 1652 770 1706 inter
778 1655 836 1707 lora
846 1653 993 1707 Metiscum

311 1762 366 1813 470
374 1749 499 1815 Excutit,
514 1751 540 1803 δι
549 1748 630 1821 longe
639 1750 743 1819 lapsum
754 1763 865 1804 temone
874 1750 1022 1821 relinquit:
1129 1775 1131 1830 ᾖ

369 1848 426 1917 lpsa
437 1849 505 1901 subit
517 1889 525 1913 ,
538 1849 710 1917 manibusque
719 1850 850 1902 undantes
861 1846 947 1902 flectit
958 1850 1080 1910 habenas,
1128 1833 1131 1902 i

369 1940 1100 2019 Cunbiagerens,vocernque‚&corpus,&armaMetilci·

367 2043 451 2114 Nigra
459 2046 536 2098 velut
546 2061 655 2117 magnas
664 2044 768 2099 domiui
777 2045 838 2099 cirm
848 2043 942 2099 divitis
951 2047 1021 2099 aedes

368 2140 512 2206 Pervolat,
526 2143 553 2194 &
564 2143 660 2212 pennis
669 2145 722 2197 alta
733 2142 799 2195 atria
807 2142 899 2195 lustrat
907 2142 1041 2208 himndo,

311 2250 363 2304 475
373 2237 469 2291 Pabula
480 2256 563 2307 parva
576 2243 667 2311 legent
678 2239 799 2310 nidisque
810 2239 968 2308 loquacibus
977 2241 1063 2301 escas,

368 2337 402 2389 Et
413 2353 483 2391 nunc
496 2337 643 2406 porticibus
652 2339 745 2392 vacuis
756 2377 763 2403 ,
775 2354 846 2390 nunc
857 2338 967 2391 humida
975 2338 1069 2393 circum

368 2436 466 2506 Stagna
478 2436 570 2489 sonat:
584 2433 676 2488 similis
688 2435 792 2487 medios
804 2435 916 2489 luturna
927 2451 976 2502 per
986 2433 1068 2488 hostes

368 2535 461 2588 Fertur
472 2533 548 2603 equis
558 2571 567 2597 ,
577 2532 723 2601 rapidoque
732 2533 829 2585 volans
838 2530 897 2585 obit
909 2531 1002 2586 omnia
1012 2547 1093 2587 curru:
1129 2590 1131 2599 Ι

367 2628 1100 2704 Jamquehtcgermanumjamquelucostentatovantenr
1128 2694 1131 2707 Ι

312 2732 432 2792 480Nec
443 2730 565 2783 conserte
576 2744 685 2781 manum
694 2727 794 2795 patitur
805 2729 899 2780 :volat
909 2728 972 2781 avia
983 2726 1069 2799 longd.
1129 2750 1131 2755 ·

369 2826 447 2879 Haud
458 2826 547 2880 minuc
556 2825 653 2878 AEneas
664 2838 753 2878 tortos
764 2825 830 2895 legit
841 2824 939 2879 obvius
951 2827 1047 2890 orbes,

368 2923 541 2994 Vestigatque
551 2922 642 2976 virum
654 2961 662 2985 ,
678 2922 704 2974 δι
716 2919 823 2986 ἀὶεὶεᾶα
834 2937 883 2989 per
892 2922 1000 2992 agmina
1011 2916 1095 2992 magud

368 3022 447 3075 Voce
458 3035 548 3074 vocat.
560 3019 675 3091 Quoties
686 3020 780 3071 oculos
791 3016 906 3082 conjecit
918 3020 947 3071 in
957 3020 1075 3083 hostem,

369 3117 563 3190 Alipedumque
576 3119 664 3191 sugam
676 3118 753 3174 cursu
764 3115 879 3172 tentavit
891 3133 1023 3187 equorum
1035 3137 1043 3178 ς
