2700 3925
527 323 781 405 Corax.
956 348 1035 433 209

282 478 403 538 Viribus
417 494 478 554 apta
489 484 560 553 fuir,
577 487 680 541 Phoebo
690 488 773 551 duce,
788 485 878 537 ludere
889 486 993 553 gaudet.
1039 504 1070 557 35

278 580 316 637 Et
328 597 384 647 tu,
404 582 492 636 sande
503 601 569 653 puer
580 624 588 649 ‚
601 584 780 647 venerabilis,
799 583 825 635 δι
835 580 884 633 tibi
894 596 976 660 certet

276 679 387 735 Gloria
400 695 560 750 perpetuum
570 680 638 734 lucis
649 681 770 734 mansura
781 696 829 748 per
840 694 946 731 avum:

275 776 315 831 Et
326 777 381 829 tibi
391 777 453 830 sede
461 776 507 846 pia
516 790 621 830 maneat
629 779 705 830 locus
716 815 724 840 ‚
739 777 765 829 δι
781 775 830 828 tibi
839 776 930 845 sospes

274 874 389 927 Debita
400 873 486 927 felicis
497 887 661 927 memoretur
672 873 731 925 vita
740 890 787 942 per
799 888 883 925 annos
891 881 906 935 ,'

278 970 372 1024 Grata
384 969 465 1023 bonis
474 972 575 1024 lucens.
587 972 638 1023 Sed
649 987 700 1023 nos
710 972 742 1022 ad
753 984 842 1039 coepta
850 970 973 1026 feramur.
1038 986 1075 1036 40

275 1065 387 1137 Igneus
401 1065 521 1120 aetherias
530 1066 584 1134 iarn
593 1067 640 1120 Sol
649 1080 800 1135 penetrarat
810 1066 840 1118 in
849 1069 928 1131 arcis,

281 1163 461 1231 Candidaque
472 1176 564 1215 aurato
576 1162 710 1233 quatiebat
720 1162 821 1214 lumina
833 1178 928 1226 curru,

287 1257 417 1311 Crinibus
430 1259 458 1311 δι
468 1257 552 1311 roseis
559 1259 682 1310 tenebras
692 1257 794 1310 Aurora
803 1257 918 1328 fugarat:

285 1353 413 1424 Propulit
421 1371 438 1407 e
447 1354 552 1408 stabulis
562 1357 594 1408 ad
605 1356 701 1424 pabula
710 1356 771 1407 laeta
780 1352 892 1423 capellas

287 1449 398 1513 Pastor,
412 1451 544 1504 &excelfi
554 1451 655 1504 montis
664 1450 726 1521 juga
736 1451 837 1504 summa
847 1449 962 1519 petivit:
1037 1469 1070 1522 45

288 1546 385 1601 Lurida
397 1546 449 1617 qui
459 1537 565 1617 patulos
576 1549 700 1602 velabant
711 1548 828 1619 gramina
838 1549 924 1602 collis.

288 1642 346 1696 lam
357 1644 445 1713 sylvis
457 1643 595 1712 dumisque
606 1660 683 1714 vaga
694 1681 702 1706 ,
713 1643 769 1709 jam
777 1644 891 1696 vallibus
902 1644 1002 1696 abdunt

290 1742 412 1809 Corpora
422 1757 429 1791 ι
439 1738 545 1807 jamque
555 1738 631 1790 omni
640 1740 739 1791 celeres
753 1756 768 1791 e
782 1752 857 1807 parte
865 1753 995 1809 vagantes

289 1837 402 1905 Strupea
411 1836 520 1889 desertae
528 1850 672 1905 perrepunt
684 1838 716 1888 ad
724 1853 792 1894 ‚cava
804 1835 888 1905 rupis.

289 1933 446 1988 Tondentur
457 1948 551 1987 tenero
562 1934 707 1988 viridantia
719 1934 838 2006 gramina
848 1935 952 1989 morsu:
1040 1950 1073 2004 50

288 2030 402 2097 Pendula
413 2029 540 2100 projestis
552 2045 696 2100 carpuntur
712 2032 739 2084 ὅ(
749 2033 839 2085 arbuta
852 2033 950 2086 ramis:

288 2128 431 2198 Densaque
442 2127 566 2198 virgrdtis
578 2127 656 2183 avide
666 2129 781 2182 labrusca
793 2144 928 2198 petuntur.
1005 2168 1011 2181 .

288 2224 352 2279 Hec
363 2223 486 2292 suspensa
498 2223 567 2292 rapit
577 2240 701 2293 carpente
715 2227 850 2278 cacumina
863 2227 953 2278 morsu

287 2305 339 2376 Vel
350 2319 438 2374 salicis
447 2321 527 2372 lentae
537 2358 545 2384 ,
556 2322 602 2372 vel
614 2337 672 2388 qua
683 2336 756 2372 nova
767 2321 882 2374 nascitur
891 2323 977 2376 alnus.

287 2417 351 2472 Hac
362 2432 468 2471 teneras
480 2417 605 2471 fruticum
614 2418 700 2470 sentes
711 2417 837 2470 rimatur:
849 2432 876 2470 at
887 2418 932 2472 illa
1037 2432 1066 2485 55

287 2513 414 2568 Imminet
423 2514 453 2566 in
462 2513 515 2567 rivi
526 2513 671 2583 prestantis
681 2514 805 2584 imaginis
814 2517 922 2571 undam.

287 2612 313 2667 0
323 2614 396 2667 bona
406 2610 517 2681 pastoris
528 2650 536 2675 ,
548 2610 568 2662 fi
578 2612 637 2681 quis
649 2628 706 2663 non
714 2610 837 2680 pauperis
846 2612 923 2666 usum

287 2710 380 2764 Mente
389 2709 464 2778 priris
474 2705 550 2760 dour
561 2705 673 2760 fastidiat
683 2745 691 2771 ‚
703 2707 729 2760 δι
738 2707 832 2776 probet
843 2707 898 2762 iuis

287 2806 389 2860 Omnia
398 2803 511 2858 luxuria
521 2802 614 2872 pretiis
623 2802 760 2874 incognita
769 2803 858 2867 curis,

285 2907 351 2974 Quae
362 2906 481 2957 lacerant
489 2899 580 2953 avidas
592 2898 703 2952 inimico
715 2899 822 2968 pedore
834 2913 947 2960 mentes.
1030 2902 1067 2958 60

284 3004 313 3060 si
323 3019 382 3059 non
391 2996 500 3070 dffyrio
511 2995 610 3054 fuerint
620 2996 661 3051 his
671 2998 744 3053 lauta
755 2998 866 3064 colore,
