2700 3925
374 466 424 539 ¹4
562 440 903 523 AErvreroos

366 598 478 651 Illorum
493 599 525 653 de
537 615 634 671 geute,
652 600 722 671 patri
734 617 802 672 quos
814 602 923 654 Daedala
935 596 1015 653 circe

367 694 507 764 Suppofita
518 699 549 750 de
561 714 644 752 matre
655 700 755 752 nothos
764 700 848 753 furata
857 696 969 752 creavit.

367 793 475 847 Talibus
485 793 609 849 'AEneadae
618 796 696 849 donis
706 796 833 865 distisque
843 795 931 849 Larini
963 813 965 817 ·

311 879 362 947 235
371 888 502 944 Sirblimes
511 892 541 943 in
549 891 624 962 equis
635 894 745 946 redeunt
755 933 765 957 ,
774 909 919 963 pacemque
929 901 1078 960 reportant.

385 1004 389 1018 ·
402 981 469 1041 E‘cce
478 1003 567 1041 autem
576 988 691 1042 Inachiis
701 990 755 1044 sese
765 990 892 1044 referebat
901 991 932 1043 ab
944 987 1021 1058 Argis

338 1093 354 1107 '·
365 1082 441 1137 Saeva
453 1085 468 1139 J
470 1084 532 1139 ovis
542 1086 660 1152 coniux,
673 1088 799 1157 aurasque
809 1088 914 1142 iuvedda
924 1087 1048 1145 tenebar?
1065 1094 1070 1103 “

365 1181 399 1234 Et
406 1184 498 1240 laetum
506 1182 624 1250 AEnean,
635 1183 792 1255 classemque
802 1201 837 1239 ex
846 1187 942 1239 aethere
951 1182 1033 1253 longe

365 1280 526 1334 Dardaniam
537 1281 629 1335 Siculo
641 1283 780 1354 prospexit
791 1284 822 1336 ab
833 1283 916 1353 usque
928 1282 1065 1351 Pachyno.

311 1382 365 1436 290
370 1376 466 1430 Moliri
474 1376 528 1443 jam
536 1379 605 1432 teila
612 1378 688 1434 videt
700 1420 707 1445 ,
717 1380 770 1446 iarn
780 1380 861 1434 fidere
870 1393 946 1434 terra
957 1419 966 1443 ,

365 1476 516 1529 Deseruiffe
527 1491 596 1530 rates
608 1497 615 1530 :
625 1476 696 1531 sterit
706 1478 760 1531 acri
769 1463 824 1531 iixa
834 1465 946 1538 dolore}
1028 1482 1030 1486 '

365 1573 436 1625 Tum
446 1571 564 1642 quaffans
574 1587 671 1643 caput,
685 1575 742 1627 haec
753 1574 865 1628 effundit
874 1573 982 1643 pedore
991 1571 1078 1627 dista:

365 1670 425 1723 Heu
433 1669 541 1741 stirpem
551 1670 664 1724 invisam
674 1711 683 1736 ‚
694 1672 721 1725 dt
730 1671 790 1725 faris
801 1672 932 1725 contraria
942 1669 1038 1725 nostris

364 1768 427 1821 Fara
435 1758 571 1840 Phrygum
582 1773 589 1824 !
602 1784 668 1824 num
677 1767 763 1841 Sigeis
774 1768 929 1823 occumbere
939 1769 1039 1838 campis
1050 1772 1064 1823 ἓ

310 1867 360 1925 ²95
369 1859 442 1920 Num
453 1864 524 1937 capti
533 1878 646 1937 potuere
657 1868 739 1937 capi?
750 1885 814 1921 num
826 1867 931 1920 incensa
943 1861 1073 1920 'cremavit

364 1963 447 2033 Troia
456 1966 553 2020 viros?
570 1966 669 2020 medias
679 1967 749 2020 acies
760 2007 767 2032 ‚
780 1966 935 2036 mediosque
949 1974 997 2034 ‘per
1006 1964 1081 2037 ignes

363 2061 495 2118 Invenere
503 2065 586 2119 viam.
597 2066 650 2130 Ar,
662 2068 763 2131 credo,
778 2083 836 2119 mea
847 2064 957 2116 numina
966 2064 1073 2118 tandem

260 2199 262 2204 .
362 2151 434 2212 Feffa
444 2158 550 2227 jacenv,
565 2160 637 2214 odiis
647 2176 693 2215 aut
704 2162 853 2215 exsaturata
860 2160 963 2231 quievi.

363 2230 528 2324 Quinetiam
539 2257 625 2326 patria
636 2257 758 2314 excussos
768 2258 858 2312 infesta
870 2273 918 2327 per
925 2256 1020 2311 undas‘

307 2360 362 2417 300
369 2352 438 2406 Ausa
448 2352 536 2422 sequi,
548 2353 706 2424 &profugis
717 2367 777 2407 toto
787 2371 830 2407 me
840 2370 979 2424 opponere
984 2348 1086 2423 ponto.

365 2449 518 2519 absumpta
527 2449 555 2501 in
565 2448 685 2504 Teucros
694 2450 766 2504 vires
778 2436 893 2521 coelique
905 2452 1046 2522 narisque.

364 2545 438 2614 Quid
447 2548 548 2618 syrtes,
557 2562 601 2600 aut
613 2550 702 2620 Scylla
713 2549 794 2614 mihi,
808 2552 872 2620 quid
880 2548 951 2602 vasta
962 2549 1104 2623 Charybdis

361 2643 486 2697 Profuit?
498 2659 596 2714 optato
608 2646 758 2698 conduntur
765 2644 891 2717 Tybridis
903 2650 1000 2712 alveo,

364 2740 455 2795 Securi
466 2742 554 2812 pelagi
565 2757 643 2813 atque
653 2743 717 2798 mei.
728 2744 800 2797 Mars
811 2746 919 2814 perdere
929 2760 1038 2816 gentem

307 2833 514 2909 3051mmane'nr
526 2834 668 2910 Lapirhu‘rm
678 2840 766 2894 valuit
778 2861 785 2895 :
798 2840 922 2894 conceffit
934 2841 963 2895 in
974 2843 1038 2898 irad

360 2928 520 3005 lpse²Deiim
532 2937 668 3009 antiquam
679 2937 785 3009 genitor
797 2940 935 3009 Calydona
946 2940 1052 2998 Dianae.

250 3045 252 3048 ·
318 3033 1132 3107 Quodscelirs‚autLapithastantum‚aurCalydonanierenteru

364 3131 410 3184 Ast
418 3132 469 3206 ego
478 3148 587 3207 ,magna
595 3134 610 3191 J
612 3135 674 3191 ovis
684 3134 798 3205 coniux,
808 3137 848 3190 nii
857 3134 978 3206 linquere
983 3136 1107 3192 ‘inausum

264 3346 353 3484 Χ
