<?xml version="1.0" encoding="UTF-8"?>
<!DOCTYPE html PUBLIC "-//W3C//DTD XHTML 1.0 Transitional//EN"
    "http://www.w3.org/TR/xhtml1/DTD/xhtml1-transitional.dtd">
<html xmlns="http://www.w3.org/1999/xhtml" xml:lang="en" lang="en">
 <head>
  <title>
</title>
<meta http-equiv="Content-Type" content="text/html;charset=utf-8" />
  <meta name='ocr-system' content='tesseract 3.04.00' />
  <meta name='ocr-capabilities' content='ocr_page ocr_carea ocr_par ocr_line ocrx_word'/>
</head>
<body>
  <div class='ocr_page' id='page_1' title='image "./publiivirgiliim00vegigoog_0025.png"; bbox 0 0 2700 3925; ppageno 0'>
   <div class='ocr_carea' id='block_1_1' title="bbox 333 415 930 532">
    <p class='ocr_par' dir='ltr' id='par_1_1' title="bbox 333 415 930 532">
     <span class='ocr_line' id='line_1_1' title="bbox 333 415 930 532; baseline 0.002 -30"><span class='ocrx_word' id='word_1_1' title='bbox 333 415 619 506; x_wconf 65' lang='lat' dir='ltr'>&#39;Lmen</span> <span class='ocrx_word' id='word_1_2' title='bbox 672 416 790 504; x_wconf 89' lang='lat' dir='ltr'><em>VII.</em></span> <span class='ocrx_word' id='word_1_3' title='bbox 884 448 930 532; x_wconf 80' lang='lat'>¹3</span> 
     </span>
    </p>
   </div>
   <div class='ocr_carea' id='block_1_2' title="bbox 275 588 999 1146">
    <p class='ocr_par' dir='ltr' id='par_1_2' title="bbox 275 588 988 761">
     <span class='ocr_line' id='line_1_2' title="bbox 278 588 988 661; baseline 0.004 -18"><span class='ocrx_word' id='word_1_4' title='bbox 278 588 357 644; x_wconf 84' lang='lat' dir='ltr'>illurn</span> <span class='ocrx_word' id='word_1_5' title='bbox 367 591 429 646; x_wconf 79' lang='lat' dir='ltr'>satin</span> <span class='ocrx_word' id='word_1_6' title='bbox 441 608 552 647; x_wconf 80' lang='lat' dir='ltr'>externa</span> <span class='ocrx_word' id='word_1_7' title='bbox 564 594 596 646; x_wconf 80' lang='lat' dir='ltr'>ab</span> <span class='ocrx_word' id='word_1_8' title='bbox 608 591 667 646; x_wconf 83' lang='lat' dir='ltr'>sede</span> <span class='ocrx_word' id='word_1_9' title='bbox 679 588 827 661; x_wconf 71' lang='lat' dir='ltr'>profestum</span> <span class='ocrx_word' id='word_1_10' title='bbox 937 594 988 648; x_wconf 79' lang='lat'>255</span> 
     </span>
     <span class='ocr_line' id='line_1_3' title="bbox 275 685 884 761; baseline 0 -21"><span class='ocrx_word' id='word_1_11' title='bbox 275 688 315 741; x_wconf 73' lang='lat' dir='ltr'>idi</span> <span class='ocrx_word' id='word_1_12' title='bbox 327 705 476 760; x_wconf 74' lang='lat' dir='ltr'>generum,</span> <span class='ocrx_word' id='word_1_13' title='bbox 487 692 646 761; x_wconf 76' lang='lat' dir='ltr'>paribusque</span> <span class='ocrx_word' id='word_1_14' title='bbox 658 690 688 742; x_wconf 88' lang='lat' dir='ltr'>in</span> <span class='ocrx_word' id='word_1_15' title='bbox 699 706 779 760; x_wconf 78' lang='lat' dir='ltr'>regna</span> <span class='ocrx_word' id='word_1_16' title='bbox 788 685 884 741; x_wconf 81' lang='lat' dir='ltr'>vocati</span> 
     </span>
    </p>

    <p class='ocr_par' dir='ltr' id='par_1_3' title="bbox 275 785 824 858">
     <span class='ocr_line' id='line_1_4' title="bbox 275 785 824 858; baseline 0.002 -21"><span class='ocrx_word' id='word_1_17' title='bbox 275 785 322 839; x_wconf 88' lang='lat' dir='ltr'>:iis</span> <span class='ocrx_word' id='word_1_18' title='bbox 333 806 341 840; x_wconf 73' lang='grc' dir='ltr'><strong>ι</strong></span> <span class='ocrx_word' id='word_1_19' title='bbox 352 786 416 841; x_wconf 87' lang='lat' dir='ltr'>hinc</span> <span class='ocrx_word' id='word_1_20' title='bbox 428 788 585 858; x_wconf 79' lang='lat' dir='ltr'>progeniem</span> <span class='ocrx_word' id='word_1_21' title='bbox 596 788 697 842; x_wconf 79' lang='lat' dir='ltr'>virtute</span> <span class='ocrx_word' id='word_1_22' title='bbox 709 787 824 840; x_wconf 80' lang='lat' dir='ltr'>futuram</span> 
     </span>
    </p>

    <p class='ocr_par' dir='ltr' id='par_1_4' title="bbox 275 881 902 955">
     <span class='ocr_line' id='line_1_5' title="bbox 275 881 902 955; baseline -0.003 -21"><span class='ocrx_word' id='word_1_23' title='bbox 275 881 329 934; x_wconf 80' lang='lat' dir='ltr'>inm</span> <span class='ocrx_word' id='word_1_24' title='bbox 339 922 348 946; x_wconf 83' lang='lat'>‚</span> <span class='ocrx_word' id='word_1_25' title='bbox 360 883 387 935; x_wconf 80' lang='grc' dir='ltr'>δι</span> <span class='ocrx_word' id='word_1_26' title='bbox 396 898 485 938; x_wconf 87' lang='lat' dir='ltr'>totum</span> <span class='ocrx_word' id='word_1_27' title='bbox 494 903 553 955; x_wconf 75' lang='lat' dir='ltr'>quae</span> <span class='ocrx_word' id='word_1_28' title='bbox 561 884 664 938; x_wconf 75' lang='lat' dir='ltr'>viribus</span> <span class='ocrx_word' id='word_1_29' title='bbox 673 898 788 952; x_wconf 81' lang='lat' dir='ltr'>occupet</span> <span class='ocrx_word' id='word_1_30' title='bbox 799 881 902 935; x_wconf 81' lang='lat' dir='ltr'>orben.</span> 
     </span>
    </p>

    <p class='ocr_par' dir='ltr' id='par_1_5' title="bbox 275 978 999 1146">
     <span class='ocr_line' id='line_1_6' title="bbox 275 978 921 1048; baseline -0.008 -16"><span class='ocrx_word' id='word_1_31' title='bbox 275 996 309 1032; x_wconf 75' lang='lat' dir='ltr'>nn</span> <span class='ocrx_word' id='word_1_32' title='bbox 318 981 397 1034; x_wconf 70' lang='lat' dir='ltr'>letus</span> <span class='ocrx_word' id='word_1_33' title='bbox 407 982 445 1034; x_wconf 87' lang='lat' dir='ltr'>ait</span> <span class='ocrx_word' id='word_1_34' title='bbox 455 1001 462 1035; x_wconf 75' lang='grc' dir='ltr'><strong>ε</strong></span> <span class='ocrx_word' id='word_1_35' title='bbox 476 981 525 1034; x_wconf 93' lang='lat' dir='ltr'>Dii</span> <span class='ocrx_word' id='word_1_36' title='bbox 534 980 622 1034; x_wconf 70' lang='lat' dir='ltr'>nostra</span> <span class='ocrx_word' id='word_1_37' title='bbox 631 980 750 1048; x_wconf 83' lang='lat' dir='ltr'>incoepta</span> <span class='ocrx_word' id='word_1_38' title='bbox 760 978 903 1032; x_wconf 84' lang='lat' dir='ltr'>secundent</span> <span class='ocrx_word' id='word_1_39' title='bbox 912 1012 921 1038; x_wconf 81' lang='lat'>‚</span> 
     </span>
     <span class='ocr_line' id='line_1_7' title="bbox 276 1067 999 1146; baseline -0.006 -18"><span class='ocrx_word' id='word_1_40' title='bbox 276 1075 394 1146; x_wconf 87' lang='lat' dir='ltr'>iumque</span> <span class='ocrx_word' id='word_1_41' title='bbox 401 1076 488 1131; x_wconf 86' lang='lat' dir='ltr'><strong>suum.</strong></span> <span class='ocrx_word' id='word_1_42' title='bbox 496 1072 620 1141; x_wconf 71' lang='lat' dir='ltr'>Ddbitur,</span> <span class='ocrx_word' id='word_1_43' title='bbox 627 1074 754 1142; x_wconf 78' lang='lat' dir='ltr'>Troiane,</span> <span class='ocrx_word' id='word_1_44' title='bbox 761 1076 916 1144; x_wconf 80' lang='lat' dir='ltr'>quodoptns</span> <span class='ocrx_word' id='word_1_45' title='bbox 926 1091 934 1126; x_wconf 74' lang='grc' dir='ltr'><em>ι</em></span> <span class='ocrx_word' id='word_1_46' title='bbox 945 1067 999 1124; x_wconf 79' lang='lat'>26⁰</span> 
     </span>
    </p>
   </div>
   <div class='ocr_carea' id='block_1_3' title="bbox 276 1171 1000 3190">
    <p class='ocr_par' dir='ltr' id='par_1_6' title="bbox 278 1171 937 1244">
     <span class='ocr_line' id='line_1_8' title="bbox 278 1171 937 1244; baseline 0 -19"><span class='ocrx_word' id='word_1_47' title='bbox 278 1189 307 1225; x_wconf 86' lang='lat' dir='ltr'>ra</span> <span class='ocrx_word' id='word_1_48' title='bbox 317 1189 368 1226; x_wconf 89' lang='lat' dir='ltr'>nec</span> <span class='ocrx_word' id='word_1_49' title='bbox 379 1173 477 1243; x_wconf 85' lang='lat' dir='ltr'>sperno</span> <span class='ocrx_word' id='word_1_50' title='bbox 488 1192 496 1226; x_wconf 73' lang='grc' dir='ltr'>ε</span> <span class='ocrx_word' id='word_1_51' title='bbox 509 1190 566 1226; x_wconf 87' lang='lat' dir='ltr'>non</span> <span class='ocrx_word' id='word_1_52' title='bbox 576 1172 675 1236; x_wconf 85' lang='lat' dir='ltr'>vobis,</span> <span class='ocrx_word' id='word_1_53' title='bbox 691 1188 753 1242; x_wconf 80' lang='lat' dir='ltr'>rege</span> <span class='ocrx_word' id='word_1_54' title='bbox 763 1171 875 1235; x_wconf 82' lang='lat' dir='ltr'>Latino,</span> <span class='ocrx_word' id='word_1_55' title='bbox 933 1233 937 1244; x_wconf 28' lang='grc' dir='ltr'>ι</span> 
     </span>
    </p>

    <p class='ocr_par' dir='ltr' id='par_1_7' title="bbox 276 1267 854 1342">
     <span class='ocr_line' id='line_1_9' title="bbox 276 1267 854 1342; baseline -0.002 -21"><span class='ocrx_word' id='word_1_56' title='bbox 276 1268 302 1321; x_wconf 84' lang='lat' dir='ltr'>is</span> <span class='ocrx_word' id='word_1_57' title='bbox 312 1270 378 1322; x_wconf 86' lang='lat' dir='ltr'>uber</span> <span class='ocrx_word' id='word_1_58' title='bbox 389 1269 461 1342; x_wconf 78' lang='lat' dir='ltr'>agri,</span> <span class='ocrx_word' id='word_1_59' title='bbox 474 1267 599 1334; x_wconf 81' lang='lat' dir='ltr'>Trojaeve</span> <span class='ocrx_word' id='word_1_60' title='bbox 611 1268 750 1336; x_wconf 87' lang='lat' dir='ltr'>opulentia</span> <span class='ocrx_word' id='word_1_61' title='bbox 761 1267 854 1321; x_wconf 87' lang='lat' dir='ltr'>deerit.</span> 
     </span>
    </p>

    <p class='ocr_par' dir='ltr' id='par_1_8' title="bbox 276 1363 861 1434">
     <span class='ocr_line' id='line_1_10' title="bbox 276 1363 861 1434; baseline 0.003 -19"><span class='ocrx_word' id='word_1_62' title='bbox 276 1363 349 1418; x_wconf 82' lang='lat' dir='ltr'>nodd</span> <span class='ocrx_word' id='word_1_63' title='bbox 358 1365 455 1419; x_wconf 80' lang='lat' dir='ltr'>AEneas</span> <span class='ocrx_word' id='word_1_64' title='bbox 468 1365 480 1432; x_wconf 86' lang='lat'>(</span> <span class='ocrx_word' id='word_1_65' title='bbox 490 1364 602 1418; x_wconf 84' lang='lat' dir='ltr'>nostriii</span> <span class='ocrx_word' id='word_1_66' title='bbox 613 1378 686 1417; x_wconf 76' lang='lat' dir='ltr'>tanta</span> <span class='ocrx_word' id='word_1_67' title='bbox 697 1364 794 1434; x_wconf 88' lang='lat' dir='ltr'>cupido</span> <span class='ocrx_word' id='word_1_68' title='bbox 805 1363 861 1430; x_wconf 77' lang='lat' dir='ltr'>est,</span> 
     </span>
    </p>

    <p class='ocr_par' dir='ltr' id='par_1_9' title="bbox 276 1460 870 1533">
     <span class='ocr_line' id='line_1_11' title="bbox 276 1460 870 1533; baseline 0.003 -21"><span class='ocrx_word' id='word_1_69' title='bbox 276 1462 307 1533; x_wconf 77' lang='lat' dir='ltr'>,gi</span> <span class='ocrx_word' id='word_1_70' title='bbox 318 1463 438 1531; x_wconf 88' lang='lat' dir='ltr'>hospitio</span> <span class='ocrx_word' id='word_1_71' title='bbox 450 1476 596 1532; x_wconf 75' lang='lat' dir='ltr'>properat,</span> <span class='ocrx_word' id='word_1_72' title='bbox 609 1461 747 1532; x_wconf 83' lang='lat' dir='ltr'>sociusque</span> <span class='ocrx_word' id='word_1_73' title='bbox 756 1460 870 1527; x_wconf 82' lang='lat' dir='ltr'>vocari)</span> 
     </span>
    </p>

    <p class='ocr_par' dir='ltr' id='par_1_10' title="bbox 276 1556 995 1727">
     <span class='ocr_line' id='line_1_12' title="bbox 276 1556 995 1638; baseline 0 -26"><span class='ocrx_word' id='word_1_74' title='bbox 276 1561 348 1622; x_wconf 82' lang='lat' dir='ltr'>niat·,</span> <span class='ocrx_word' id='word_1_75' title='bbox 364 1563 457 1614; x_wconf 82' lang='lat' dir='ltr'>vultus</span> <span class='ocrx_word' id='word_1_76' title='bbox 471 1576 540 1638; x_wconf 83' lang='lat' dir='ltr'>neve</span> <span class='ocrx_word' id='word_1_77' title='bbox 552 1560 721 1612; x_wconf 82' lang='lat' dir='ltr'>exhorrescat</span> <span class='ocrx_word' id='word_1_78' title='bbox 730 1560 841 1613; x_wconf 82' lang='lat' dir='ltr'>amicos.</span> <span class='ocrx_word' id='word_1_79' title='bbox 945 1556 995 1625; x_wconf 82' lang='lat'>265</span> 
     </span>
     <span class='ocr_line' id='line_1_13' title="bbox 276 1654 871 1727; baseline 0.002 -18"><span class='ocrx_word' id='word_1_80' title='bbox 276 1656 337 1709; x_wconf 89' lang='lat' dir='ltr'>nihi</span> <span class='ocrx_word' id='word_1_81' title='bbox 350 1656 422 1726; x_wconf 82' lang='lat' dir='ltr'>pacis</span> <span class='ocrx_word' id='word_1_82' title='bbox 434 1655 486 1709; x_wconf 86' lang='lat' dir='ltr'>etit</span> <span class='ocrx_word' id='word_1_83' title='bbox 498 1656 618 1708; x_wconf 82' lang='lat' dir='ltr'>dextram</span> <span class='ocrx_word' id='word_1_84' title='bbox 627 1654 741 1725; x_wconf 83' lang='lat' dir='ltr'>tetigiffe</span> <span class='ocrx_word' id='word_1_85' title='bbox 753 1654 871 1727; x_wconf 80' lang='lat' dir='ltr'>tyranni.</span> 
     </span>
    </p>

    <p class='ocr_par' dir='ltr' id='par_1_11' title="bbox 276 1753 834 1824">
     <span class='ocr_line' id='line_1_14' title="bbox 276 1753 834 1824; baseline 0.004 -19"><span class='ocrx_word' id='word_1_86' title='bbox 276 1753 363 1806; x_wconf 60' lang='lat' dir='ltr'>:ontrfa</span> <span class='ocrx_word' id='word_1_87' title='bbox 371 1753 439 1824; x_wconf 80' lang='lat' dir='ltr'>Regi</span> <span class='ocrx_word' id='word_1_88' title='bbox 448 1770 508 1806; x_wconf 86' lang='lat' dir='ltr'>mea</span> <span class='ocrx_word' id='word_1_89' title='bbox 516 1768 587 1805; x_wconf 90' lang='lat' dir='ltr'>nunc</span> <span class='ocrx_word' id='word_1_90' title='bbox 599 1755 720 1805; x_wconf 80' lang='lat' dir='ltr'>mandata</span> <span class='ocrx_word' id='word_1_91' title='bbox 730 1753 834 1807; x_wconf 78' lang='lat' dir='ltr'>referte.</span> 
     </span>
    </p>

    <p class='ocr_par' dir='ltr' id='par_1_12' title="bbox 276 1847 917 2018">
     <span class='ocr_line' id='line_1_15' title="bbox 276 1847 917 1920; baseline -0.002 -17"><span class='ocrx_word' id='word_1_92' title='bbox 276 1850 316 1903; x_wconf 89' lang='lat' dir='ltr'>ihi</span> <span class='ocrx_word' id='word_1_93' title='bbox 327 1865 389 1902; x_wconf 85' lang='lat' dir='ltr'>nata</span> <span class='ocrx_word' id='word_1_94' title='bbox 401 1889 408 1914; x_wconf 93' lang='lat'>‚</span> <span class='ocrx_word' id='word_1_95' title='bbox 424 1851 486 1903; x_wconf 88' lang='lat' dir='ltr'>viro</span> <span class='ocrx_word' id='word_1_96' title='bbox 499 1850 586 1920; x_wconf 85' lang='lat' dir='ltr'>gentis</span> <span class='ocrx_word' id='word_1_97' title='bbox 596 1866 676 1919; x_wconf 77' lang='lat' dir='ltr'><strong>quam</strong></span> <span class='ocrx_word' id='word_1_98' title='bbox 688 1847 796 1919; x_wconf 83' lang='lat' dir='ltr'>iungere</span> <span class='ocrx_word' id='word_1_99' title='bbox 807 1848 917 1914; x_wconf 71' lang='lat' dir='ltr'>nostra,</span> 
     </span>
     <span class='ocr_line' id='line_1_16' title="bbox 276 1946 884 2018; baseline -0.003 -17"><span class='ocrx_word' id='word_1_100' title='bbox 276 1947 361 2018; x_wconf 67' lang='lat' dir='ltr'>patrio</span> <span class='ocrx_word' id='word_1_101' title='bbox 370 1965 406 2000; x_wconf 87' lang='lat' dir='ltr'>ex</span> <span class='ocrx_word' id='word_1_102' title='bbox 417 1949 496 2017; x_wconf 79' lang='lat' dir='ltr'>adyto</span> <span class='ocrx_word' id='word_1_103' title='bbox 506 1948 609 2012; x_wconf 82' lang='lat' dir='ltr'>sortes,</span> <span class='ocrx_word' id='word_1_104' title='bbox 623 1965 680 1999; x_wconf 90' lang='lat' dir='ltr'>non</span> <span class='ocrx_word' id='word_1_105' title='bbox 690 1946 805 2016; x_wconf 87' lang='lat' dir='ltr'>plurima</span> <span class='ocrx_word' id='word_1_106' title='bbox 813 1949 884 2000; x_wconf 81' lang='lat' dir='ltr'>coelo</span> 
     </span>
    </p>

    <p class='ocr_par' dir='ltr' id='par_1_13' title="bbox 276 2043 1000 2212">
     <span class='ocr_line' id='line_1_17' title="bbox 276 2043 1000 2114; baseline 0.003 -16"><span class='ocrx_word' id='word_1_107' title='bbox 276 2045 319 2098; x_wconf 77' lang='lat' dir='ltr'>ira</span> <span class='ocrx_word' id='word_1_108' title='bbox 327 2044 432 2097; x_wconf 76' lang='lat' dir='ltr'>sinunt:</span> <span class='ocrx_word' id='word_1_109' title='bbox 445 2061 558 2114; x_wconf 78' lang='lat' dir='ltr'>generos</span> <span class='ocrx_word' id='word_1_110' title='bbox 567 2043 687 2097; x_wconf 81' lang='lat' dir='ltr'>externis</span> <span class='ocrx_word' id='word_1_111' title='bbox 698 2043 782 2097; x_wconf 82' lang='lat' dir='ltr'>affort</span> <span class='ocrx_word' id='word_1_112' title='bbox 792 2045 822 2097; x_wconf 87' lang='lat' dir='ltr'>ab</span> <span class='ocrx_word' id='word_1_113' title='bbox 832 2043 887 2097; x_wconf 79' lang='lat' dir='ltr'>oris</span> <span class='ocrx_word' id='word_1_114' title='bbox 898 2082 906 2109; x_wconf 89' lang='lat'>,</span> <span class='ocrx_word' id='word_1_115' title='bbox 944 2059 1000 2111; x_wconf 82' lang='lat'>270</span> 
     </span>
     <span class='ocr_line' id='line_1_18' title="bbox 276 2140 903 2212; baseline 0 -17"><span class='ocrx_word' id='word_1_116' title='bbox 276 2144 348 2195; x_wconf 76' lang='lat' dir='ltr'>Latio</span> <span class='ocrx_word' id='word_1_117' title='bbox 358 2141 452 2195; x_wconf 82' lang='lat' dir='ltr'>restare</span> <span class='ocrx_word' id='word_1_118' title='bbox 462 2156 577 2209; x_wconf 80' lang='lat' dir='ltr'>canunt,</span> <span class='ocrx_word' id='word_1_119' title='bbox 590 2140 637 2210; x_wconf 90' lang='lat' dir='ltr'>qui</span> <span class='ocrx_word' id='word_1_120' title='bbox 647 2141 773 2212; x_wconf 84' lang='lat' dir='ltr'>sanguine</span> <span class='ocrx_word' id='word_1_121' title='bbox 785 2141 903 2196; x_wconf 84' lang='lat' dir='ltr'>nostrum</span> 
     </span>
    </p>

    <p class='ocr_par' dir='ltr' id='par_1_14' title="bbox 276 2237 899 2308">
     <span class='ocr_line' id='line_1_19' title="bbox 276 2237 899 2308; baseline 0.002 -17"><span class='ocrx_word' id='word_1_122' title='bbox 276 2256 308 2291; x_wconf 74' lang='lat' dir='ltr'>en</span> <span class='ocrx_word' id='word_1_123' title='bbox 320 2239 349 2291; x_wconf 92' lang='lat' dir='ltr'>in</span> <span class='ocrx_word' id='word_1_124' title='bbox 358 2237 431 2294; x_wconf 73' lang='lat' dir='ltr'>nstra</span> <span class='ocrx_word' id='word_1_125' title='bbox 441 2238 535 2292; x_wconf 82' lang='lat' dir='ltr'>ferant.</span> <span class='ocrx_word' id='word_1_126' title='bbox 548 2239 625 2291; x_wconf 87' lang='lat' dir='ltr'>Hunc</span> <span class='ocrx_word' id='word_1_127' title='bbox 638 2238 714 2291; x_wconf 87' lang='lat' dir='ltr'>illum</span> <span class='ocrx_word' id='word_1_128' title='bbox 726 2239 835 2308; x_wconf 86' lang='lat' dir='ltr'>poscere</span> <span class='ocrx_word' id='word_1_129' title='bbox 846 2239 899 2292; x_wconf 82' lang='lat' dir='ltr'>fata</span> 
     </span>
    </p>

    <p class='ocr_par' dir='ltr' id='par_1_15' title="bbox 276 2335 884 2407">
     <span class='ocr_line' id='line_1_20' title="bbox 276 2335 884 2407; baseline 0 -17"><span class='ocrx_word' id='word_1_130' title='bbox 276 2355 306 2390; x_wconf 84' lang='lat' dir='ltr'>or</span> <span class='ocrx_word' id='word_1_131' title='bbox 317 2377 326 2401; x_wconf 93' lang='lat'>‚</span> <span class='ocrx_word' id='word_1_132' title='bbox 343 2337 370 2389; x_wconf 70' lang='grc' dir='ltr'><strong>ἃ</strong></span> <span class='ocrx_word' id='word_1_133' title='bbox 383 2336 394 2404; x_wconf 89' lang='grc'><strong>(</strong></span> <span class='ocrx_word' id='word_1_134' title='bbox 405 2336 424 2387; x_wconf 85' lang='lat' dir='ltr'>fi</span> <span class='ocrx_word' id='word_1_135' title='bbox 434 2336 497 2405; x_wconf 83' lang='lat' dir='ltr'>quid</span> <span class='ocrx_word' id='word_1_136' title='bbox 507 2336 567 2389; x_wconf 86' lang='lat' dir='ltr'>veri</span> <span class='ocrx_word' id='word_1_137' title='bbox 578 2352 653 2389; x_wconf 87' lang='lat' dir='ltr'>mens</span> <span class='ocrx_word' id='word_1_138' title='bbox 665 2335 795 2407; x_wconf 82' lang='lat' dir='ltr'>augurat)</span> <span class='ocrx_word' id='word_1_139' title='bbox 806 2351 884 2405; x_wconf 85' lang='lat' dir='ltr'>opto.</span> 
     </span>
    </p>

    <p class='ocr_par' dir='ltr' id='par_1_16' title="bbox 277 2418 999 2698">
     <span class='ocr_line' id='line_1_21' title="bbox 277 2418 997 2504; baseline 0.001 -16"><span class='ocrx_word' id='word_1_140' title='bbox 277 2450 303 2488; x_wconf 77' lang='lat' dir='ltr'>ec</span> <span class='ocrx_word' id='word_1_141' title='bbox 317 2432 413 2488; x_wconf 78' lang='lat' dir='ltr'>effatus</span> <span class='ocrx_word' id='word_1_142' title='bbox 425 2473 433 2497; x_wconf 87' lang='lat'>‚</span> <span class='ocrx_word' id='word_1_143' title='bbox 445 2451 530 2504; x_wconf 89' lang='lat' dir='ltr'>equos</span> <span class='ocrx_word' id='word_1_144' title='bbox 543 2451 656 2487; x_wconf 83' lang='lat' dir='ltr'>nurnero</span> <span class='ocrx_word' id='word_1_145' title='bbox 667 2451 742 2503; x_wconf 84' lang='lat' dir='ltr'>pater</span> <span class='ocrx_word' id='word_1_146' title='bbox 754 2434 829 2503; x_wconf 72' lang='lat' dir='ltr'>eligit</span> <span class='ocrx_word' id='word_1_147' title='bbox 841 2434 928 2490; x_wconf 83' lang='lat' dir='ltr'>omni.</span> <span class='ocrx_word' id='word_1_148' title='bbox 992 2418 997 2425; x_wconf 39' lang='lat'>⁶</span> 
     </span>
     <span class='ocr_line' id='line_1_22' title="bbox 278 2532 999 2602; baseline 0.007 -18"><span class='ocrx_word' id='word_1_149' title='bbox 278 2546 308 2584; x_wconf 91' lang='lat' dir='ltr'>nt</span> <span class='ocrx_word' id='word_1_150' title='bbox 320 2546 467 2585; x_wconf 87' lang='lat' dir='ltr'>tercentum</span> <span class='ocrx_word' id='word_1_151' title='bbox 479 2532 557 2585; x_wconf 82' lang='lat' dir='ltr'>nitidi</span> <span class='ocrx_word' id='word_1_152' title='bbox 570 2532 598 2585; x_wconf 93' lang='lat' dir='ltr'>in</span> <span class='ocrx_word' id='word_1_153' title='bbox 610 2532 769 2602; x_wconf 82' lang='lat' dir='ltr'>praesepibus</span> <span class='ocrx_word' id='word_1_154' title='bbox 779 2533 849 2585; x_wconf 83' lang='lat' dir='ltr'>altis.</span> <span class='ocrx_word' id='word_1_155' title='bbox 948 2549 999 2602; x_wconf 73' lang='lat'>275</span> 
     </span>
     <span class='ocr_line' id='line_1_23' title="bbox 279 2628 866 2698; baseline -0.003 -15"><span class='ocrx_word' id='word_1_156' title='bbox 279 2632 337 2683; x_wconf 85' lang='lat' dir='ltr'>ibus</span> <span class='ocrx_word' id='word_1_157' title='bbox 347 2632 484 2698; x_wconf 81' lang='lat' dir='ltr'>extemplo</span> <span class='ocrx_word' id='word_1_158' title='bbox 495 2629 605 2682; x_wconf 85' lang='lat' dir='ltr'>Teucris</span> <span class='ocrx_word' id='word_1_159' title='bbox 617 2629 690 2695; x_wconf 81' lang='lat' dir='ltr'>jubet</span> <span class='ocrx_word' id='word_1_160' title='bbox 701 2629 794 2681; x_wconf 87' lang='lat' dir='ltr'>ordine</span> <span class='ocrx_word' id='word_1_161' title='bbox 805 2628 866 2681; x_wconf 85' lang='lat' dir='ltr'>duci</span> 
     </span>
    </p>

    <p class='ocr_par' dir='ltr' id='par_1_17' title="bbox 277 2723 795 2796">
     <span class='ocr_line' id='line_1_24' title="bbox 277 2723 795 2796; baseline -0.002 -17"><span class='ocrx_word' id='word_1_162' title='bbox 277 2741 326 2781; x_wconf 82' lang='lat' dir='ltr'>nos</span> <span class='ocrx_word' id='word_1_163' title='bbox 336 2726 408 2779; x_wconf 87' lang='lat' dir='ltr'>ostro</span> <span class='ocrx_word' id='word_1_164' title='bbox 418 2726 532 2795; x_wconf 80' lang='lat' dir='ltr'>alipedes</span> <span class='ocrx_word' id='word_1_165' title='bbox 543 2725 672 2796; x_wconf 74' lang='lat' dir='ltr'>piffisque</span> <span class='ocrx_word' id='word_1_166' title='bbox 688 2723 795 2793; x_wconf 78' lang='lat' dir='ltr'>tapetis.</span> 
     </span>
    </p>

    <p class='ocr_par' dir='ltr' id='par_1_18' title="bbox 277 2821 830 2893">
     <span class='ocr_line' id='line_1_25' title="bbox 277 2821 830 2893; baseline -0.009 -15"><span class='ocrx_word' id='word_1_167' title='bbox 277 2822 451 2893; x_wconf 64' lang='lat' dir='ltr'>rpedoribus</span> <span class='ocrx_word' id='word_1_168' title='bbox 461 2821 566 2875; x_wconf 83' lang='lat' dir='ltr'>demiffa</span> <span class='ocrx_word' id='word_1_169' title='bbox 578 2821 690 2874; x_wconf 80' lang='lat' dir='ltr'>monilia</span> <span class='ocrx_word' id='word_1_170' title='bbox 701 2821 830 2888; x_wconf 86' lang='lat' dir='ltr'>pendent:</span> 
     </span>
    </p>

    <p class='ocr_par' dir='ltr' id='par_1_19' title="bbox 277 2909 1000 3190">
     <span class='ocr_line' id='line_1_26' title="bbox 277 2909 998 2975; baseline 0.003 -4"><span class='ocrx_word' id='word_1_171' title='bbox 277 2936 354 2973; x_wconf 25' lang='lat' dir='ltr'>tauro</span> <span class='ocrx_word' id='word_1_172' title='bbox 367 2919 470 2972; x_wconf 82' lang='lat' dir='ltr'><strong>fulvum</strong></span> <span class='ocrx_word' id='word_1_173' title='bbox 479 2919 605 2971; x_wconf 83' lang='lat' dir='ltr'>mandunt</span> <span class='ocrx_word' id='word_1_174' title='bbox 614 2917 660 2970; x_wconf 91' lang='lat' dir='ltr'>sub</span> <span class='ocrx_word' id='word_1_175' title='bbox 669 2917 789 2971; x_wconf 87' lang='lat' dir='ltr'>dentibus</span> <span class='ocrx_word' id='word_1_176' title='bbox 799 2935 901 2975; x_wconf 81' lang='lat' dir='ltr'>aurum.</span> <span class='ocrx_word' id='word_1_177' title='bbox 994 2909 998 2915; x_wconf 42' lang='lat'>⁵</span> 
     </span>
     <span class='ocr_line' id='line_1_27' title="bbox 277 3014 1000 3084; baseline -0.004 -15"><span class='ocrx_word' id='word_1_178' title='bbox 277 3017 312 3069; x_wconf 90' lang='lat' dir='ltr'>nti</span> <span class='ocrx_word' id='word_1_179' title='bbox 320 3016 412 3069; x_wconf 83' lang='lat' dir='ltr'>AEneae</span> <span class='ocrx_word' id='word_1_180' title='bbox 424 3031 527 3067; x_wconf 88' lang='lat' dir='ltr'>currum</span> <span class='ocrx_word' id='word_1_181' title='bbox 537 3014 708 3084; x_wconf 82' lang='lat' dir='ltr'>geminosque</span> <span class='ocrx_word' id='word_1_182' title='bbox 717 3015 817 3084; x_wconf 81' lang='lat' dir='ltr'>jugales</span> <span class='ocrx_word' id='word_1_183' title='bbox 829 3055 836 3080; x_wconf 82' lang='lat'>,</span> <span class='ocrx_word' id='word_1_184' title='bbox 947 3025 1000 3079; x_wconf 82' lang='lat'>280</span> 
     </span>
     <span class='ocr_line' id='line_1_28' title="bbox 278 3096 982 3190; baseline -0.003 -23"><span class='ocrx_word' id='word_1_185' title='bbox 278 3114 495 3178; x_wconf 80' lang='lat' dir='ltr'>neabaethtreo‚</span> <span class='ocrx_word' id='word_1_186' title='bbox 512 3112 639 3182; x_wconf 79' lang='lat' dir='ltr'>spirantes</span> <span class='ocrx_word' id='word_1_187' title='bbox 651 3111 755 3167; x_wconf 81' lang='lat' dir='ltr'>naribus</span> <span class='ocrx_word' id='word_1_188' title='bbox 769 3111 875 3185; x_wconf 79' lang='lat' dir='ltr'>ignem¹</span> <span class='ocrx_word' id='word_1_189' title='bbox 943 3185 946 3190; x_wconf 90' lang='lat'><em>.</em></span> <span class='ocrx_word' id='word_1_190' title='bbox 975 3096 982 3115; x_wconf 69' lang='lat'><strong><em>¹</em></strong></span> 
     </span>
    </p>
   </div>
   <div class='ocr_carea' id='block_1_4' title="bbox 0 0 1357 3925">
    <p class='ocr_par' dir='ltr' id='par_1_20' title="bbox 0 0 1357 3925">
     <span class='ocr_line' id='line_1_29' title="bbox 0 0 1357 3925; baseline 0 0"><span class='ocrx_word' id='word_1_191' title='bbox 0 0 1357 3925; x_wconf 95' lang='lat' dir='ltr'> </span> 
     </span>
    </p>
   </div>
  </div>
 </body>
</html>
