2700 3925
367 585 423 667 94
554 552 905 668 AErvnrnos

365 722 443 788 Quos
454 709 644 804 alioscmuros',
656 740 716 793 quae
727 720 781 786 iam
791 723 861 777 ultrd
874 722 973 790 moenia
983 724 1074 777 habetis?

365 820 443 872 Unus
454 803 540 875 homo
551 817 599 886 ‚''&
607 821 722 886 vestris,
737 821 839 876 &cives
853 826 860 876 ἔ
871 823 987 893 undique
997 824 1066 891 septus

366 916 513 989 Aggeribus
524 959 532 984 ,
545 932 630 972 tantas
641 918 739 989 strages
748 917 860 988 impune
871 936 919 988 per
928 922 1013 973 urbem

308 1005 359 1070 735
371 1015 506 1070 Ediderit?
518 1015 648 1082 juvenum
657 1017 761 1086 primos
771 1032 813 1070 tot
824 1017 928 1071 miserit
938 1017 1023 1071 Orco?

365 1113 430 1165 Non
439 1113 552 1165 infeticis
562 1113 669 1182 patriae,
681 1129 857 1183 veterumque
866 1116 1000 1179 Deorum,

365 1209 398 1261 Et
409 1209 498 1280 magni
510 1210 601 1263 AEneae
611 1212 704 1283 segnes
714 1212 875 1283 miseretque
886 1214 1030 1283 pudetque?

365 1308 473 1360 Talibus
481 1309 582 1361 accensi
593 1308 731 1363 firmantur
742 1350 750 1374 ‚
764 1310 906 1381 &agmine
918 1312 997 1364 denso

366 1404 526 1459 Confisttmt.
536 1407 642 1471 Turnus
653 1405 780 1475 paulatim
789 1408 919 1460 excedere
928 1406 1026 1478 pugni,

308 1508 363 1559 790
371 1502 402 1553 Et
412 1501 526 1555 fluvium
535 1518 625 1571 petere
636 1520 666 1556 ac
675 1518 778 1573 partem
788 1520 847 1573 quae
859 1503 975 1576 cingitur
983 1503 1052 1557 amnia

364 1598 459 1652 Acrids
469 1598 522 1652 hoc
532 1599 628 1653 Teucri
638 1602 755 1674 clamore
766 1600 920 1655 incumbere
933 1618 1024 1672 magno
1035 1640 1041 1663 ‚

364 1695 398 1744 Et
408 1698 555 1765 glomerare
565 1713 683 1750 manum.
695 1699 752 1749 Ceu
763 1696 864 1749 saevum
876 1699 952 1750 turba
960 1700 1054 1751 leonen

365 1791 435 1843 Cirm
445 1792 505 1846 telis
515 1794 614 1862 premit
623 1793 730 1847 infenfis
741 1814 747 1848 :
760 1794 903 1848 atterritus
913 1795 961 1849 ille

365 1888 463 1957 Asper,
477 1892 567 1944 acerba
580 1907 658 1945 ruens
668 1931 676 1956 ,
688 1907 761 1945 retro
771 1891 853 1952 redit3
868 1892 895 1943 &
904 1908 991 1963 neque
1002 1905 1062 1960 terga

310 1997 360 2050 795
370 1989 411 2041 Ira
420 1991 481 2043 dare
491 2006 535 2042 aut
544 1990 631 2042 virtus
642 1988 742 2058 patitur
752 2027 760 2052 ,
772 2005 822 2041 nec
834 1990 944 2042 tendere
953 1988 1054 2051 contri,

365 2088 412 2139 llle
421 2087 527 2156 quidem
533 2088 585 2139 hoc
592 2086 717 2155 cupiens,
730 2083 1085 2155 porisestpertelavirosque:

305 2240 308 2255 Ι,
366 2182 444 2235 Haud
452 2183 528 2236 aliter
537 2198 609 2236 retro
619 2183 712 2236 dubius
722 2181 950 2252 vestigiaTurnut

364 2280 547 2348 Improperata
557 2280 636 2332 refert
646 2318 653 2344 ‚
666 2280 693 2331 δι
702 2296 778 2332 mens
788 2277 914 2333 exaestuat
923 2279 974 2336 ira.

284 2448 286 2453 Ι
366 2376 440 2442 Quin
453 2375 533 2428 etiam
542 2376 582 2429 bis
592 2391 649 2428 tum
661 2375 764 2429 medios
777 2375 908 2430 invaserat
916 2378 1020 2446 hostes,

310 2474 364 2526 800
370 2473 415 2527 Bis
427 2473 555 2526 conversa
564 2472 625 2542 fugi
635 2490 682 2542 pet
692 2489 784 2526 muros
794 2473 900 2542 agmina
908 2475 1002 2531 vertit.

365 2572 417 2625 Sed
427 2588 520 2624 manus
530 2588 545 2624 e
554 2570 641 2624 castris
651 2588 766 2640 propere
776 2572 832 2624 coit
843 2570 934 2625 omnis
944 2572 974 2626 in
983 2585 1070 2628 uuum}

365 2671 421 2721 Nec
434 2668 526 2722 contra
536 2669 609 2722 vires
621 2671 698 2722 audet
709 2669 830 2722 Saturnia
839 2669 912 2723 Juno
970 2698 973 2703 ·

365 2767 488 2819 Sufficere
501 2785 508 2820 ε
521 2765 619 2818 adriam
628 2767 700 2818 coelo
710 2783 771 2818 nam
780 2765 884 2834 Jupiter
893 2765 959 2818 lrim

365 2862 498 2927 Demifit,
511 2879 641 2933 germanae
652 2862 721 2913 haud
731 2864 823 2914 mollia
832 2861 895 2927 juffa
905 2862 1047 2926 ferentem,

311 2965 362 3030 805
372 2963 410 3016 Ni
417 2963 523 3016 Turnus
535 2963 610 3014 cedat
621 2960 786 3011 Teucrorum
799 2958 932 3012 moenibus
944 2961 1014 3016 altis.

328 3126 333 3134 .
367 3059 439 3130 Ergo
452 3074 501 3112 nec
514 3060 613 3128 clypeo
623 3055 730 3122 juvenis
742 3057 874 3110 subsistere
884 3059 1007 3124 tannim,

305 3214 307 3222 ¹
367 3156 425 3209 Nec
436 3155 529 3209 dextri
538 3155 628 3209 valet:
639 3149 743 3218 iuiediis
754 3153 788 3206 fic
799 3152 915 3223 undique
927 3154 988 3209 telis

315 3326 319 3335 Ι
370 3251 510 3310 Obruitur.
520 3249 621 3321 Strepit
629 3248 727 3305 affiduo
737 3268 803 3305 cava
812 3266 933 3321 tempora
942 3253 1037 3307 circum

241 3530 337 3672 ἱ
