2700 3925
380 404 461 491 ²50
583 375 929 462 Vzncrarr

413 542 482 609 Quae
490 543 630 595 volucrem
639 543 719 595 curllr
725 541 828 597 vicerat
838 544 1037 613 Hippomenen
1047 564 1069 600 t.

379 640 495 695 Candida
505 658 609 711 cycneo
621 658 678 694 non
687 640 758 694 edita
769 641 907 712 Tyndaris
919 658 995 705 ovo,

415 738 479 792 Non
490 738 590 809 supero
598 739 701 809 fulgens
712 738 851 809 Calliopea
863 741 943 809 polo.

323 839 355 894 35
378 838 443 891 Non
454 837 558 891 defensa
572 837 618 891 diu
629 840 772 891 volucrum
783 838 932 892 certamine
943 851 1081 909 equorum,

418 935 553 1003 Optabam
562 933 651 988 Graia
663 951 744 1005 quarn
752 934 801 988 fibi
812 953 928 1007 quaeque
938 953 1039 990 manus.

380 1033 456 1101 Saepe
467 1030 582 1085 animam
594 1032 685 1103 generi
695 1050 745 1102 pro
757 1034 1005 1106 quapatenimpius
1012 1029 1095 1087 haufitt

418 1131 493 1198 Saepe
502 1130 582 1182 rubro
593 1130 664 1182 Eleis
674 1129 801 1200 sanguine
811 1130 894 1183 fluxit
905 1133 1012 1186 humus.
1127 1175 1129 1184 r

381 1226 465 1297 Regia
475 1244 532 1280 non
542 1228 660 1301 Semele,
676 1244 733 1279 non
741 1228 845 1281 Inachis
858 1229 1015 1293 Acrilione‚

325 1331 362 1379 40
417 1324 531 1377 Immitti
540 1324 693 1394 exspetiant
701 1324 813 1377 fulmine
826 1324 1063 1381 &imbrelovemr

382 1420 464 1488 Cujus
478 1423 505 1475 &
517 1424 551 1475 oh
561 1438 665 1492 raptum
676 1422 743 1491 pulli
754 1422 857 1491 liquere
868 1440 981 1492 penates

418 1519 558 1587 Tarquinii
566 1521 684 1587 patrios,
697 1518 769 1573 filius
780 1533 860 1589 atque
872 1535 959 1589 pater.

380 1616 432 1667 Illo
443 1653 451 1679 ‚
462 1631 516 1683 quo
524 1613 642 1683 primum
654 1615 807 1670 dominatus
818 1617 908 1671 Roma
917 1617 1042 1688 superbos

419 1712 539 1766 Mutavit
550 1712 660 1782 placidis
672 1727 794 1782 tempore
805 1714 972 1770 consulibus.

327 1819 362 1871 4'5
383 1812 470 1864 Multa
480 1828 567 1880 neque
576 1808 718 1862 immeritis
730 1802 843 1864 donavit
851 1812 964 1880 praemia
975 1806 1094 1871 alunriu

420 1908 531 1963 Praemia
543 1906 660 1959 Meffnlis
672 1906 789 1960 maxima
798 1907 959 1977 Poplicolis.

382 2009 452 2059 Nam
460 2006 524 2075 quid
532 2024 584 2076 ego
591 2006 712 2059 immenfi
718 2022 866 2059 memorem
872 2005 958 2060 studia
964 1999 1113 2061 istauborlsi

420 2103 536 2157 Horrida
546 2104 609 2174 quid
621 2107 691 2158 durae
701 2120 825 2173 tempora
835 2104 941 2158 militiae
952 2109 964 2159 ἒ

385 2202 473 2255 Castra
480 2204 542 2256 foro
551 2203 646 2256 solitos
657 2244 665 2268 ,
676 2204 736 2257 urbi
746 2218 903 2272 praeponere
913 2203 1012 2267 castra,

331 2311 364 2365 50
419 2303 491 2356 Tam-
499 2304 592 2371 procul
602 2303 655 2354 hoc
667 2316 731 2353 nato
744 2315 817 2365 ‚tam
826 2303 920 2368 procul
929 2297 1088 2369 haopatria?

383 2400 560 2453 immoderata
569 2398 624 2466 pati
633 2414 704 2450 nunc
712 2397 829 2467 frigora,
840 2413 966 2467 nuncque
976 2395 1090 2452 caloresl·

422 2497 537 2551 Stettere
547 2499 593 2549 vel
604 2497 668 2548 dura
676 2493 750 2564 poffe
760 2494 917 2562 superfilice
927 2497 943 2548 ξ’

385 2597 460 2664 Saepe
472 2609 577 2647 trucem
582 2592 693 2646 adverso
705 2590 804 2661 perlabi
813 2591 1041 2660 fideteponrum?

356 2718 358 2721 ’
423 2695 498 2761 Saepe
511 2693 634 2745 audendo.
643 2707 715 2742 mare
725 2689 834 2742 vincere
844 2727 852 2752 ,
864 2687 934 2757 saepe
946 2689 1086 2760 hyemem}-

240 2825 244 2832 -
334 2803 363 2855 55
386 2791 461 2859 Saepe
473 2789 552 2843 etiam
563 2787 661 2842 densos
667 2785 811 2839 immittere
821 2800 919 2853 corpus
929 2784 960 2838 in
970 2785 1070 2840 hoster:

425 2887 603 2940 Communem
611 2882 677 2939 belli
686 2900 735 2936 nec
745 2881 859 2936 timuiffe
870 2884 981 2937 Deum?

384 2987 462 3038 Nunc
475 2988 572 3038 celeres
585 2985 663 3037 Afros
674 3023 683 3047 ,
695 2984 864 3052 perituraque
874 2980 961 3036 millia
971 2981 1054 3054 gentis
1063 3017 1077 3044 ,

421 3085 508 3136 Aurea
519 3099 588 3135 nunc
599 3080 685 3149 rapidi
695 3079 805 3133 flumina
816 3079 887 3139 adire
896 3080 964 3149 Tagi
975 3083 986 3134 ἓ

386 3185 460 3235 Nunc
472 3181 549 3235 aliam
562 3198 596 3234 ex
605 3182 658 3233 alia
667 3181 789 3233 bellando
801 3195 920 3250 quaerere
929 3193 1032 3248 gentem
1042 3179 1059 3228 Ξ·

268 3250 327 3452 l
