2700 3925
460 408 722 489 Cutem
896 423 970 516 υς

229 570 259 625 Et
269 567 347 639 quod
358 582 416 623 erat
426 571 515 624 tardus
525 609 534 635 ‚
546 570 622 624 omni
633 572 761 641 languore
772 582 878 623 remoto
889 606 898 634 ‚

229 666 343 719 Nescius
354 704 363 731 ,
375 665 505 735 aspiciens
516 706 524 731 ‚
543 667 626 720 timor
636 657 816 721 obcaecaverat
827 680 917 721 artus:

229 762 293 816 lloc
304 762 397 817 minus
409 764 542 833 implicuit
551 764 607 818 diri
616 764 760 819 formidine
771 778 900 818 mentem.

229 860 323 927 Quem
334 858 473 929 postquam
481 860 551 915 vidit
560 862 656 915 caesum
664 861 850 933 languescere,
866 857 943 914 sedit.
980 876 1038 918 200

229 955 294 1011 Jam
303 956 405 1025 quatit,
416 957 444 1011 δι
451 956 554 1030 biiuges
563 959 653 1013 oriens
662 960 749 1013 Erebo
758 960 796 1013 cit
805 975 889 1029 equos
898 958 964 1011 Nox
973 995 983 1022 ,

230 1054 268 1107 Et
277 1053 356 1123 piger
367 1068 460 1109 aurato
471 1058 593 1125 procedit
603 1057 708 1127 Vesper
719 1058 750 1111 ab
762 1058 838 1111 (Erae

233 1151 307 1203 Cum
319 1166 399 1221 grege
408 1152 549 1221 compulso
558 1152 646 1222 pastor
655 1152 849 1221 duplicantibus
857 1148 958 1204 umbris

232 1245 340 1311 Vadit,
352 1248 380 1299 &
388 1247 418 1299 in
426 1247 505 1301 feffos
515 1249 636 1320 requiem
647 1250 708 1302 dare
720 1262 857 1317 comparat
866 1263 948 1303 artus.

236 1341 323 1409 Cujus
335 1357 365 1395 ut
373 1343 585 1399 intravitlevior
594 1362 642 1415 per
651 1361 765 1414 corpora
777 1344 904 1410 somnus,
989 1359 1038 1413 205

237 1440 427 1511 Languidaque
436 1441 521 1495 effuso
531 1442 687 1513 requierunt
696 1443 814 1495 membra
823 1442 939 1512 saperet

238 1538 346 1609 Effigies
358 1540 392 1592 ad
399 1556 462 1593 eum
472 1540 572 1595 Culicis
583 1540 691 1595 devenit
704 1559 710 1595 :
720 1541 748 1595 δι
756 1540 798 1594 illi
837 1614 840 1621 Ι

238 1634 335 1688 Tristis
345 1636 377 1688 ab
386 1651 487 1690 eventu
497 1624 595 1691 cecinit
605 1638 727 1692 convitia
736 1636 842 1693 mortis.

240 1731 351 1802 Inquitc
363 1733 428 1802 qnid
437 1734 566 1799 meritus,
584 1736 616 1787 ad
627 1752 686 1802 que
697 1736 799 1785 delatus
811 1734 916 1788 arethas

242 1830 338 1900 Cogor
348 1830 419 1882 adire
429 1828 526 1884 vices?
536 1845 582 1882 tua
593 1831 656 1882 dum
668 1827 736 1881 mihi
746 1826 834 1881 carior
845 1826 902 1898 ipsa
994 1842 1049 1881 210

242 1924 312 1979 Vita
321 1924 373 1979 suit
380 1925 439 1978 vird
451 1965 459 1990 ‚
471 1924 562 1995 rapior
573 1941 621 1995 per
633 1924 723 1978 inania
731 1925 840 1979 ventis:

244 2023 288 2076 'l'u
296 2025 384 2076 lenuis
393 2023 501 2076 refoves
510 2023 624 2090 jucunda
632 2023 751 2077 membra
758 2023 848 2094 quiete

243 2120 358 2189 Ereptus
367 2120 444 2173 tetris
455 2138 472 2173 e
483 2122 598 2174 cladibus
610 2139 618 2172 ε
632 2134 658 2172 at
670 2136 729 2175 mea
741 2123 836 2175 Manes

246 2215 358 2270 Viscera
367 2218 485 2270 Letbaeas
496 2231 597 2288 cogunt
606 2231 709 2271 tranare
721 2233 769 2287 per
777 2218 870 2272 undas.

246 2312 337 2366 Praeda
349 2313 493 2366 Charontis
503 2330 568 2382 agor
579 2313 719 2366 :videniur
727 2312 865 2384 flagrantia
873 2311 949 2368 tedis
996 2325 1045 2377 αις
1107 2322 1109 2328 ·

247 2408 363 2463 Lumina
371 2411 505 2463 collucent
513 2409 613 2463 infestis
622 2411 715 2463 omnia
724 2408 850 2479 templis?

249 2505 343 2560 Obvia
350 2505 497 2575 Tisiphone
506 2506 671 2575 serpentibus
681 2505 798 2576 undique
807 2521 913 2573 comta,

250 2603 283 2655 Et
295 2601 417 2655 flammas
430 2603 457 2654 δι
467 2602 537 2654 saeva
546 2603 631 2671 quatit
642 2601 710 2654 mihi
721 2603 832 2656 verbera
842 2621 940 2674 poenae.

253 2701 383 2754 Cerbcnrs
393 2700 421 2754 dc
429 2699 494 2753 diris
503 2699 616 2771 flagrans
628 2699 763 2753 latratibus
775 2716 837 2766 ora,

253 2798 391 2869 Δημάδης
399 2796 462 2849 hinc
471 2810 550 2867 atque
559 2796 621 2851 hinc
628 2798 788 2850 horrentcui
797 2800 866 2851 colla
875 2797 981 2853 reflexis
990 2817 1056 2866 ‚220

255 2893 453 2966 Sanguineique
462 2894 561 2946 micant
569 2894 690 2946 ardorem
700 2893 808 2947 luminis
819 2897 906 2950 orbes.
933 2915 935 2919 ⁴

254 2993 316 3047 Heu
326 2997 333 3047 !
345 2991 412 3062 quid
420 2991 451 3044 ab
462 2989 552 3043 officio
562 2987 671 3060 digressa
680 2987 717 3042 est
728 2989 828 3060 gratia,
843 2991 904 3046 cum
912 3005 940 3048 te

254 3088 372 3148 Restitui
382 3086 485 3160 superis
492 3085 560 3147 lethi
567 3085 622 3156 iam
630 3087 725 3143 limine
735 3087 767 3143 ab
775 3081 852 3161 ipsc?
