2700 3925
431 448 683 536 Lraan
730 448 854 536 XII.
920 479 997 559 ¹77

245 614 394 690 Eripiunt,
410 624 598 694 cumulantque
610 608 728 677 oneratis
739 621 857 676 lancibus
868 637 935 677 aras.
959 651 963 656 ·
1002 622 1053 675 215

284 719 324 770 At
336 718 405 772 verit
416 720 522 774 Rutulis
534 720 620 790 impar
632 736 663 775 ea
675 737 764 791 pugna
775 718 863 773 videti

246 814 432 879 Iamdudum,
448 817 475 870 δι
488 816 567 870 vario
578 815 683 871 misceri
696 816 803 887 pestora
815 827 908 870 motu:
926 880 928 884 v

247 913 324 966 Tum
335 913 437 983 magis,
447 928 478 967 ut
489 913 599 983 propiis
609 929 721 967 cernunt
729 931 786 967 non
794 913 898 967 viribus
907 909 1000 982 aequis.

246 1010 371 1077 Adiuvat
382 1010 481 1065 inceffu
492 1011 574 1066 tacito
583 1010 734 1083 progrefl'us
746 1050 754 1076 ,
772 1012 799 1063 &
810 1013 882 1063 aram

247 1106 417 1178 Suppliciter
431 1125 562 1162 venerans
572 1109 683 1163 demisso
698 1108 799 1162 lumine
814 1109 939 1172 Turnus,
1005 1114 1059 1155 220

247 1204 439 1274 Tabeutesque
450 1221 524 1275 genae
536 1244 544 1269 ,
562 1205 713 1272 &juvenili
724 1205 877 1275 incorpore
887 1206 985 1275 pallor.

248 1303 345 1369 Quem
355 1300 431 1354 fimul
441 1302 590 1357 acJuturna
598 1302 675 1355 so'ror'
685 1302 845 1355 crebrescere
852 1301 923 1355 vidit

248 1401 432 1462 Sermonem,
447 1399 560 1470 &vulgi
568 1398 672 1452 variare
681 1398 794 1451 labantia
803 1400 893 1452 corda.

247 1498 283 1549 ln
295 1495 398 1549 medias
411 1494 499 1560 acies,
514 1496 629 1549 sormam
640 1494 791 1549 adsimulata
803 1492 940 1563 Camerti,

251 1595 306 1648 Cui
319 1610 404 1665 genus
416 1611 432 1646 a
442 1594 551 1663 proavis
564 1596 657 1665 ingens
670 1634 678 1660 ,
695 1597 847 1665 clarumque
857 1609 975 1665 paterne
1006 1606 1056 1659 225

250 1696 366 1748 Nomen
380 1706 437 1746 erat
451 1691 578 1756 virtutis,
600 1691 695 1760 &ipse
706 1692 940 1754 acerrimusarmin
951 1730 960 1758 ,

251 1793 285 1844 In
295 1789 452 1844 medias'dat
461 1789 516 1843 sese
525 1788 594 1841 acies
605 1788 676 1840 haud
684 1786 773 1840 nescia
781 1802 889 1851 tetum,

253 1887 443 1958 Rumoresque
457 1885 520 1939 serit
530 1883 643 1945 varios,
658 1900 689 1937 ae
699 1883 762 1937 talia
773 1885 859 1939 satur:

253 1989 321 2040 Non
329 1987 430 2055 pudet,
446 1983 586 2047 anuali,
602 1999 652 2052 pto
667 1983 768 2037 euniiis
779 1983 875 2037 talibus
886 1999 967 2037 unam

255 2081 402 2149 Obiedlare
412 2081 551 2135 animam?
568 2097 737 2146 numerone,
754 2096 788 2133 an
802 2081 905 2135 viribus
917 2080 987 2151 aequi
1007 2095 1061 2150 230

256 2182 322 2236 Non
333 2180 423 2232 sumus
431 2181 442 2232 ἓ
451 2179 491 2230 En
502 2195 596 2232 omnes
608 2179 634 2233 δι
642 2177 729 2231 Trois
740 2180 766 2232 δι
775 2179 887 2233 Arcades
893 2179 922 2232 hi
929 2179 1003 2245 sunt,

257 2277 406 2347 Fatalisque
417 2293 510 2330 manus
522 2316 531 2342 ,
549 2277 648 2330 insensa
663 2278 767 2331 Etruria
778 2279 889 2332 Turno:

257 2375 317 2430 vix
327 2372 452 2439 hostem,
470 2373 566 2427 alterni
580 2375 600 2426 st
614 2375 834 2444 congrediamur,
849 2376 988 2431 habemus,

257 2474 307 2527 Ille
318 2471 428 2542 quidem
436 2473 469 2524 ad
478 2473 594 2540 Superos
604 2511 613 2536 ,
625 2487 740 2540 quorum
750 2470 776 2523 se
788 2472 906 2525 devovet
915 2472 986 2539 atis,

258 2570 388 2624 Succedet
397 2569 486 2634 fama,
501 2569 634 2639 vivusque
648 2586 698 2638 per
711 2569 884 2625 ora'setetur:
1007 2588 1057 2644 235

257 2670 335 2733 Nos,
351 2665 437 2737 patrii
452 2665 565 2732 amissi,
580 2666 698 2719 dominis
710 2667 803 2736 parere
814 2668 932 2737 superbis

259 2766 397 2837 Cogemut
408 2803 417 2829 ,
431 2764 478 2834 qui
489 2780 559 2817 nuuc
569 2764 649 2817 lentis
658 2763 826 2818 consedimus
835 2766 926 2821 armis.

259 2864 368 2942 Talibus
378 2862 485 2917 incensa
494 2861 530 2915 est
539 2860 667 2927 juvenum
679 2863 808 2917 sententia
819 2863 895 2918 dietis

259 2963 318 3017 Jaru
323 2960 410 3032 magis
418 2976 496 3030 atque
502 2959 596 3030 magia,
602 2960 735 3032 serpitque
742 2978 789 3030 per
795 2963 900 3033 agmina
905 2972 1036 3018 ιιιιιιιιιιιι.4

259 3060 311 3129 ipsi
320 3060 466 3113 Laurentes
476 3058 589 3121 mutati,
605 3056 706 3127 ipsique
718 3058 833 3113 Latinir·
1008 3074 1062 3126 240

261 3158 317 3227 Qui
325 3156 439 3228 iniiam
447 3155 567 3229 requiem
575 3173 689 3230 pugne,
700 3159 828 3230 rebusque
839 3159 950 3216 salutem

798 3255 824 3309 Η
843 3272 864 3309 v
