2700 3925
450 434 694 519 errr
758 432 874 519 VII.
970 462 1021 538 27
1090 525 1093 530 ⁴

266 605 429 676 'Umbonum
438 619 523 659 crates
536 624 543 659 :
554 605 600 659 alii
610 605 730 659 thoracas
741 606 842 659 ahenos
853 644 862 670 ,

271 703 326 756 Aut
335 705 411 756 leves
424 719 518 756 ocreas
529 705 608 755 lento
616 705 715 756 ducunt
727 718 847 773 argento.

274 800 404 853 Vomeris
416 801 468 853 huc
482 800 509 852 ἃ
520 799 596 854 salcis
608 800 713 864 honos,
722 801 774 854 huc
785 801 875 854 omnis
886 802 964 853 aratri
1027 802 1078 865 635

274 895 353 948 Ceffit
364 914 443 950 amor
453 916 460 950 ε
472 914 623 968 recoquunt
634 898 736 967 patrios
748 900 898 952 fornacibus
910 899 984 951 enses
998 919 1006 959 3

275 992 383 1046 Claffica
393 992 501 1064 jamque
514 995 610 1047 sonant
622 1012 632 1055 t
647 994 669 1047 it
683 996 755 1048 bello
765 994 858 1048 tessera
870 995 982 1065 signum.

276 1090 327 1142 Hic
338 1093 441 1160 galeam
451 1089 528 1144 tediis
538 1090 656 1161 trepidus
667 1092 736 1160 rapit
748 1110 754 1144 :
767 1090 812 1145 ille
820 1092 963 1146 frementes

281 1188 321 1238 hd
329 1187 391 1257 'tuga
399 1188 473 1258 cogit
483 1204 569 1257 equos
579 1227 587 1253 ,
598 1189 776 1258 clypeumque
786 1204 903 1257 auroque
914 1189 1026 1241 trilicem

283 1281 401 1336 Loricam
410 1283 547 1348 induitur,
563 1283 673 1354 fidoque
684 1285 829 1355 accingitur
839 1283 910 1338 ense.
1032 1293 1085 1351 643

316 1380 424 1434 Pandite
431 1398 503 1435 nunc
510 1381 656 1446 Helicona,
664 1384 731 1434 Deae
738 1422 746 1445 ,
754 1367 895 1451 cantusque
903 1396 1027 1434 movete:

281 1476 415 1543 Quibello
424 1477 509 1531 exciti
521 1495 596 1549 reges
607 1497 616 1538 3
628 1496 688 1549 quae
700 1494 832 1549 quemque
841 1479 936 1532 secutae

280 1573 451 1643 Complsrint
462 1591 573 1644 campos
585 1575 671 1636 acies,
683 1576 778 1645 quibus
789 1577 854 1629 Itala
864 1574 919 1642 iam
930 1590 987 1629 tum

279 1670 412 1724 Floruerit
421 1686 491 1724 terta
500 1673 569 1726 alma
578 1671 662 1738 viris,
675 1672 771 1741 quibus
781 1672 872 1725 arserit
883 1674 974 1726 armis.

279 1768 311 1818 Et
321 1766 480 1820 meministis
490 1768 578 1833 enim,
590 1768 688 1833 Divae,
699 1771 880 1822 &memorare
887 1770 1010 1839 potestis:
1033 1782 1083 1845 645

282 1866 322 1916 Ad
329 1880 383 1922 nos
396 1862 447 1916 vix
459 1864 547 1917 tenuis
559 1865 635 1919 farne
646 1866 791 1935 perlabitur
802 1883 873 1920 aura.

314 1962 421 2017 Primus
435 1962 486 2015 init
497 1965 596 2017 bellum
607 1965 756 2034 Tyrrhenis
769 1966 844 2034 asper
853 1966 884 2018 ab
896 1965 951 2018 oris

283 2063 466 2130 Contemptor
474 2061 578 2115 Divum
589 2063 758 2127 Mezentius,
769 2062 927 2132 agminaque
937 2078 1030 2116 armat.

281 2159 363 2212 Filius
375 2158 441 2211 huic
451 2157 527 2224 juxti
537 2161 636 2214 Lausus
647 2201 655 2225 ,
669 2178 724 2231 quo
735 2161 873 2230 pulchrior
884 2163 949 2213 alter

282 2257 345 2308 Non
353 2255 406 2310 huit
419 2295 427 2320 ,
442 2271 557 2326 excepto
569 2257 708 2311 Laurentis
721 2274 835 2326 corpore
844 2257 948 2310 Turni:
1033 2273 1086 2338 ⁶50

282 2351 380 2404 Lausus
390 2353 489 2422 equtlnt
498 2355 636 2419 domitor,
652 2356 849 2425 debellatorque
863 2356 992 2419 fetatum,

284 2448 365 2503 Ducit
373 2448 503 2518 Agyllina
513 2450 689 2520 nequicquam
699 2468 734 2505 ex
743 2452 806 2505 urbe
816 2453 920 2505 secutos

236 2564 239 2571 ·
286 2544 360 2598 Mille
371 2544 469 2608 viros,
487 2545 582 2615 dignus
591 2547 685 2616 patriis
698 2547 744 2617 qui
752 2547 841 2601 laetior
849 2547 913 2602 effer
927 2554 930 2558 '

239 2620 246 2713 l
287 2639 407 2709 Imperiis
419 2681 428 2707 ,
441 2641 468 2694 dt
478 2642 522 2695 cui
534 2657 609 2710 pater
619 2644 690 2697 haud
700 2644 852 2698 Mezentius
865 2643 937 2698 effer.

243 2780 245 2787 .
289 2735 344 2789 Post
354 2738 406 2791 hos
419 2736 547 2809 infiguem
559 2739 645 2807 palmi
657 2757 705 2809 per
715 2741 832 2810 gramina
842 2759 947 2795 curtum
1031 2763 1080 2827 655

291 2832 462 2903 Visioresque
474 2833 588 2888 ostentat
600 2852 685 2905 equos
697 2837 766 2889 satus
781 2838 894 2892 Hercule
907 2839 1018 2908 pulchro

231 2947 233 2959 =
246 2974 249 2981 ,
293 2927 396 2984 Pulcher
403 2929 556 2984 Aventinus
567 2933 734 3002 :clypeoque
744 2932 844 3003 insigne
853 2951 1011 3004 paternum,

246 3018 253 3067 l
296 3026 1066 3104 senmmangues,ciuslamquegeritserpentihushydram.

231 3117 235 3152 ⁵
298 3123 372 3180 Collis
383 3123 514 3181 Aventini
525 3125 602 3196 sylva
615 3143 695 3197 quent
706 3128 780 3182 Rhea
791 3129 910 3182 sacerdos

250 3208 262 3639 ξ
885 3476 889 3484 ,
