2700 3925
414 428 660 512 eran
704 424 796 524 IX.
916 431 968 536 89

229 588 372 661 lntiquum
383 591 411 644 in
420 593 514 648 Buten.
526 593 578 647 Hic
587 592 723 646 Dardanio
733 592 854 645 Anchisae
895 586 901 600 '

229 686 347 757 ltmiger
356 688 417 742 ant'e
427 690 495 754 suit,
509 689 627 759 fidusque
642 691 674 742 ad
682 689 776 742 limina
786 688 871 742 custos
885 706 892 739 ε

229 784 294 836 sum
304 786 434 839 comitem
443 788 556 840 Ascanio
566 803 641 857 pater
652 787 758 841 addidit.
769 789 825 840 Ibat
833 788 934 855 Apollo

229 878 326 933 Omnia
334 884 463 953 longaevo
473 883 564 936 fimilis
577 923 586 948 ,
597 901 762 954 vocemque,
773 886 945 953 coloremque
956 922 964 948 ,
974 872 1028 938 ⁶50

229 972 262 1026 Et
269 978 352 1031 crines
362 982 437 1033 albos
449 1019 457 1044 ,
474 982 500 1033 δι
509 982 578 1033 saeva
587 981 728 1034 sonoribus
738 999 828 1035 arma:

231 1072 313 1143 Atque
322 1075 365 1129 his
375 1079 511 1130 ardentem
521 1077 597 1131 dishis
607 1076 701 1131 affatur
711 1080 797 1131 liilum
808 1098 815 1131 ε

235 1168 272 1220 Sit
283 1172 361 1237 saris,
377 1172 489 1226 AEneide
503 1213 511 1239 ,
523 1174 583 1229 telis
594 1173 703 1243 impune
713 1177 870 1228 Numanum

236 1262 376 1334 Oppetiifle
386 1269 440 1323 tuis
455 1289 462 1323 :
474 1271 588 1340 primam
597 1273 665 1325 hanc
677 1271 726 1324 tibi
736 1288 845 1341 magnus
855 1273 955 1340 Apollo

237 1361 356 1418 Concedit
367 1350 473 1419 laudem
485 1406 494 1431 ,
510 1369 537 1421 δι
546 1369 652 1437 paribus
663 1385 719 1421 non
732 1368 834 1421 invidet
845 1367 934 1421 armis.
975 1358 1025 1426 655

240 1458 322 1514 Cetera
332 1478 429 1531 parce,
443 1479 518 1531 puer,
526 1465 607 1518 bello.
619 1464 663 1517 Sic
675 1465 750 1517 orsus
761 1465 863 1533 Apollo

239 1550 356 1613 Mortales
372 1559 463 1613 medio
475 1560 593 1629 aspestus
605 1561 726 1614 sermone
737 1561 863 1631 reliquit,

239 1646 267 1702 Et
277 1659 367 1722 procul
379 1656 409 1709 in
420 1671 528 1710 tenuem
540 1674 575 1709 ex
586 1658 670 1716 oculis
683 1658 792 1711 evanuit
805 1675 904 1723 auram.

230 1732 370 1819 ‘hanovere
382 1756 473 1807 Deum
485 1772 609 1824 proceres
621 1754 765 1825 divinaque
777 1757 831 1808 tela

242 1843 400 1915 Dardanide,
411 1852 612 1923 pharetramque
624 1851 686 1924 lugd
701 1854 802 1907 sensere
815 1852 964 1904 sonantem.
977 1847 1030 1898 660

242 1939 298 2016 Ergo
309 1948 419 2003 avidum
429 1967 526 2020 pugnae
537 1949 613 2003 dislis
623 1967 653 2004 ac
662 1951 771 2004 numine
782 1948 876 2002 Phoebi

243 2040 369 2099 Ascanium
378 2045 539 2117 prohibent,
551 2045 599 2114 ipsi
610 2046 639 2098 in
650 2045 792 2098 certamina
805 2037 891 2098 rursus

244 2137 394 2207 Succedunt,
406 2142 558 2212 animasque
569 2144 599 2196 in
611 2158 700 2216 aperta
709 2143 825 2211 pericula
836 2123 955 2196 mittunt.
975 2149 977 2152 ’
996 2161 1002 2171 ¹

269 2239 289 2291 lt
298 2243 399 2293 clamor
411 2238 477 2292 totis
489 2256 537 2308 per
547 2241 745 2309 propugnacula
756 2237 853 2292 muris.¹

245 2330 371 2391 Intendunt
383 2351 455 2390 acres
467 2352 541 2390 arcus
554 2375 562 2400 ,
574 2349 731 2403 amentaque
743 2348 878 2404 torquent.
928 2389 930 2395 ,
954 2359 956 2363 ·
977 2336 1026 2402 665

245 2427 361 2484 Sternitur
371 2447 452 2482 omne
462 2431 548 2483 solum
560 2431 639 2483 telis:
653 2445 710 2483 tum
722 2432 793 2483 scuta
806 2447 930 2499 cavaeque
952 2443 955 2449 '

245 2524 304 2581 Dant
312 2529 431 2582 sonitum
441 2526 514 2581 flislu
524 2530 621 2597 galeae,
636 2543 724 2598 pugna
737 2527 826 2596 aspera
837 2526 930 2601 surgit.
958 2556 961 2560 ·

246 2622 354 2689 Quantus
365 2627 396 2678 ah
406 2625 500 2686 occasu
510 2625 623 2678 veniens
635 2625 796 2694 pluvialibus
807 2624 890 2677 haedis

244 2717 359 2777 Verberat
366 2723 451 2776 imber
456 2723 577 2782 humum,
585 2740 664 2791 quam
670 2719 753 2775 mults
760 2721 885 2790 grandine
892 2721 975 2775 nimbi

243 2815 339 2874 Invada
347 2818 530 2889 praecipitant,
542 2819 602 2870 cunr
610 2817 716 2887 Jupiter
726 2817 848 2870 horridus
858 2818 948 2873 austris
977 2821 1032 2886 670

242 2915 350 2988 Torquet
356 2916 482 2987 aquosam
487 2917 622 2985 hyemem,
632 2915 736 2967 &coelo
744 2931 808 2987 cava
814 2917 904 2970 nubila
910 2916 1020 2986 rumpit.

239 3012 362 3072 Pandarus
376 3014 402 3064 &
415 2986 498 3064 Bitias
507 3012 578 3062 Idaeo
588 3011 720 3063 Alcanore
730 3011 795 3062 creti
806 3051 814 3076 ‚

238 3111 308 3181 Quos
319 3109 399 3170 Jovis
408 3107 501 3180 eduxit
510 3110 571 3162 luco
581 3106 716 3180 sylvestris
729 3107 823 3176 Hiera,
