2700 3925
358 459 875 541 S‘vPPaaMaN'r'vM.
937 479 1012 563 271

269 623 392 678 Substitit
404 642 411 676 ε
425 623 451 675 δι
462 624 568 675 demum
578 621 681 693 ingenti
692 638 815 691 correpta
825 623 918 676 dolore

230 795 231 800 ἵ
272 721 332 773 Ora
341 737 457 774 movens
468 720 585 774 medium
596 721 650 773 sese
660 720 815 774 fiiribundus
824 720 854 772 in
862 735 958 789 agmen

247 825 255 834 ‘
270 817 604 888 Proripuit,Turnumque
614 819 692 887 super
700 816 859 887 prostratus,
871 818 1022 883 &harens‚'

273 916 345 969 cnm
356 915 472 985 priuatim
483 916 533 969 sari
544 916 650 985 potuit,
661 915 696 967 sic
706 914 788 968 edidit
799 931 863 967 ore:

311 1015 399 1078 Nate,
412 1013 494 1083 patris
504 1016 597 1078 dolor,
610 1015 637 1068 δι
646 1012 717 1068 feffae
726 1013 872 1067 miseranda
882 1010 992 1066 seneiiae

273 1112 362 1179 Rapta
373 1109 464 1181 quies,
477 1108 531 1180 quo
542 1110 677 1164 metantis
689 1110 783 1177 jahare
792 1110 899 1179 periclis

274 1206 402 1270 Duxisti,
415 1207 442 1260 ἃ
453 1207 531 1259 saevis
543 1209 649 1260 tandem
659 1207 762 1260 devisie
772 1208 817 1261 sub
825 1208 925 1262 armis?

275 1302 341 1373 Qui)
351 1318 396 1357 tua
407 1321 450 1356 me
461 1302 584 1373 praestans
596 1303 679 1356 animi
690 1302 835 1356 constantia
844 1304 941 1359 vexit?

276 1402 331 1455 Hie
340 1403 414 1454 clare
423 1400 532 1455 virtutis
543 1403 653 1454 honos?
664 1401 721 1454 haec
732 1400 816 1471 gloria
824 1400 941 1469 sceptri?

276 1500 340 1551 Hoc
351 1499 441 1569 magni
452 1502 531 1553 deors
544 1498 668 1567 imperii?
679 1498 777 1552 talesne
789 1498 950 1567 triumphos,

275 1598 346 1649 Nate
356 1635 364 1659 ‚
376 1597 475 1651 refers?
486 1600 543 1651 haec
551 1598 596 1650 illa
608 1597 684 1667 quies
695 1596 821 1667 promissa
832 1596 937 1666 parenti

277 1692 387 1746 Afflioo
398 1691 480 1747 toties
492 1697 503 1747 ἓ
518 1696 576 1747 haec
587 1708 657 1747 meta
666 1709 757 1763 optata
766 1696 906 1756 laborum?

277 1792 342 1844 Heu
350 1790 478 1843 miserum·
485 1789 564 1860 quint
573 1789 724 1859 praecipites
732 1790 846 1843 labentia
856 1790 930 1844 casus

279 1892 356 1942 Secla
364 1888 464 1958 agitant
475 1893 481 1942 Ξ
493 1901 594 1957 quanto
602 1889 752 1939 volvuntur
759 1887 812 1940 sata
821 1891 954 1943 tumultu!-

281 1987 338 2052 Qui
347 1985 399 2052 jam
410 1985 535 2039 sublimes
547 1985 676 2038 referebas
686 1986 771 2037 clarus
779 1986 916 2049 honores,

280 2085 315 2135 Et
323 2099 433 2153 magnus
443 2096 504 2135 toto
516 2081 545 2134 in
556 2080 651 2135 Latio:
662 2098 742 2150 quem
751 2081 837 2134 Trois
847 2080 877 2133 in
888 2081 971 2135 urnis

281 2182 470 2251 horrendum,
484 2180 511 2233 δι
519 2179 616 2249 trepidi
625 2179 707 2231 toties
716 2179 818 2232 sensere
826 2179 972 2242 furentem,

282 2279 371 2342 Nunc,
378 2278 416 2330 mi
422 2278 521 2341 Turne,
528 2276 597 2343 jaces
603 2276 788 2340 miserandum,
797 2275 915 2329 &flebile
921 2292 1030 2344 corpus3

284 2377 298 2431 J
301 2394 345 2428 arn
355 2391 458 2427 mutum
467 2373 504 2427 est
515 2373 569 2426 fine
577 2391 647 2427 voce
656 2387 811 2443 caputtquo
821 2371 957 2443 pulchrior
965 2376 1032 2426 alter

284 2475 351 2525 Non
361 2473 412 2524 suit
421 2471 449 2523 in
457 2484 515 2523 rota
524 2471 655 2534 Ausonia,
666 2488 716 2522 nee
726 2470 825 2541 gratior
834 2471 904 2523 ullus

284 2569 403 2638 Eloquio
413 2608 421 2632 ‚
433 2585 482 2621 nec
494 2567 554 2637 quis
562 2568 656 2637 positis
667 2568 804 2638 ingentior
813 2567 904 2623 armis.

285 2671 370 2732 Nate,
380 2667 425 2720 ubi
435 2669 521 2721 forma
531 2669 618 2721 nitens
629 2708 636 2732 ‚
648 2668 779 2737 niveaque
789 2668 818 2719 in
827 2667 914 2720 sronte
926 2668 1034 2722 serenus

285 2769 337 2820 Ille
347 2766 441 2830 decor,
460 2765 594 2834 dulcisque
606 2766 746 2818 oculorum
756 2764 874 2833 aspesius
884 2804 892 2828 ,
903 2765 997 2819 &alte
1020 2795 1021 2798 =

287 2865 412 2918 Sidereus
421 2860 535 2915 cervicis
543 2862 631 2913 honos
642 2862 653 2914 i
665 2860 708 2913 his
720 2859 806 2930 gloria
816 2860 912 2924 Martis

289 2961 413 3030 Contigit
422 2959 562 3033 apspieiis:
575 2958 622 3011 rali
631 2960 745 3012 rediture
750 2973 847 3026 paratu

289 3058 436 3111 Disoedens
447 3056 556 3110 voluisti
568 3055 653 3109 avidis
665 3071 692 3108 te
703 3057 808 3108 credere
818 3055 894 3108 bellis
905 3058 916 3109 ἓ

290 3156 354 3212 Heu
364 3170 480 3211 mortem
489 3153 602 3211 invisam
613 3158 619 3212 Ξ
632 3170 690 3225 quae
700 3153 756 3209 sola
764 3153 902 3207 ultricibus
911 3150 991 3208 armis

813 3251 845 3303 M
863 3248 891 3318 vj
