2700 3925
474 429 746 517 Lrartr
800 430 916 517 VII.
1010 463 1037 537 7

294 602 406 676 Centmn
417 603 551 676 lanigeras
564 604 692 657 mallabat
702 603 752 657 rite
762 603 881 657 bidentes
893 619 900 656 :

291 700 376 770 Atque
387 702 484 755 harum
493 700 601 754 effultus
613 715 690 771 tergo
698 699 833 770 stratisque
842 699 942 765 jacebat
994 725 997 730 ·

289 798 454 853 Velleribus.
466 799 558 853 Subita
569 815 605 852 ex
615 801 671 851 olto
680 813 739 850 vox
749 798 848 850 reddita
859 799 921 849 luco
929 794 985 851 est:
1058 803 1089 853 95

290 896 403 965 Nepete
415 898 558 951 connubiis
571 912 659 951 natam
668 895 769 949 sociate
780 895 900 959 Latinis,

291 993 319 1047 0
331 1011 392 1048 mea
399 995 563 1065 progenies,
578 994 700 1048 thalamis
712 1010 764 1046 neu
773 995 849 1046 crede
857 992 967 1061 paratis.

290 1092 402 1145 Externi
413 1091 528 1147 veniunt
540 1092 648 1163 generi,
664 1091 710 1161 qui
720 1091 846 1162 sanguine
857 1090 976 1144 nostrum

292 1190 402 1241 Nomen
408 1189 436 1240 in
445 1188 619 1253 astra-ferent,
629 1203 797 1257 quorumque
803 1189 834 1240 ab
840 1187 918 1256 stirpe
924 1201 1036 1257 nepotes

296 1283 397 1338 Omnia
406 1286 452 1339 sub
463 1285 574 1355 pedibus
584 1285 658 1360 ,qua
668 1289 716 1339 Sol
726 1300 868 1355 utrumque
877 1297 1013 1337 recurrens
1042 1294 1092 1330 ἰεῦ

292 1381 397 1451 Aspicit
405 1381 559 1447 Oceanum,
570 1383 694 1453 vertique
703 1383 812 1453 regique
820 1383 958 1435 videbunt.

291 1480 358 1533 Haec
367 1480 492 1550 responsa
502 1479 584 1549 patris
594 1479 677 1533 Fauni
688 1519 695 1545 ,
708 1479 876 1549 monitusque
887 1477 974 1533 {ilenti

291 1575 379 1629 Notio
387 1578 465 1629 <latos
476 1614 484 1640 ,
496 1591 553 1628 non
562 1574 618 1644 ipse
630 1577 678 1629 suo
688 1576 787 1645 premit
797 1592 844 1630 ore
854 1577 982 1639 Latinum

286 1674 343 1728 Sel
357 1672 458 1726 circium
472 1670 525 1725 latit
540 1672 658 1728 volitans
670 1671 723 1738 jam
738 1674 807 1726 fama
819 1690 867 1742 per
877 1674 955 1728 urbes

290 1768 423 1828 Ausonias
434 1771 530 1821 ntlernt
540 1809 548 1834 ,
560 1768 620 1823 ciun
630 1770 822 1824 Laomedontia
832 1772 914 1839 pubes
1040 1785 1088 1835 105

292 1864 441 1920 Gramineo
452 1865 517 1934 ripae
528 1865 652 1936 religavit
663 1866 694 1919 ab
707 1883 801 1937 aggere
812 1865 927 1921 classem.

326 1965 447 2028 AEneas,
461 1963 597 2034 primique
605 1965 703 2028 duces,
719 1966 746 2017 ἃ
757 1965 866 2039 pulcher
876 1966 949 2019 liilur

291 2065 415 2134 Corpora
423 2062 470 2116 sub
481 2063 561 2116 ramis
573 2065 710 2133 deponunt
719 2063 820 2116 arboris
830 2065 908 2123 altu

289 2141 486 2230 instituuntque
498 2160 578 2229 dapes
588 2198 596 2223 ,
613 2160 641 2213 ἃ
651 2161 746 2214 adoreo
758 2159 810 2214 liba
820 2175 869 2229 per
879 2161 986 2214 herbam

292 2255 599 2326 Subiieiuntepulis(fic
608 2256 712 2325 Jupiter
721 2257 776 2325 ipse
785 2255 929 2323 monebat)
1040 2277 1090 2314 110

292 2356 323 2411 Et
331 2356 444 2411 cereale
453 2353 540 2406 solum
551 2351 641 2421 pomis
651 2341 790 2422 agrestibus
803 2367 908 2422 augent.

290 2451 466 2522 Consumptis
477 2451 521 2503 ltic
529 2447 602 2504 lorti
609 2448 672 2500 aliis
683 2486 691 2510 ,
706 2461 736 2499 ut
747 2461 852 2501 vertere
862 2448 966 2503 morsm

289 2553 422 2624 Exiguam
432 2550 461 2603 in
471 2551 596 2602 Cererem
605 2546 715 2615 penuria
726 2545 814 2615 adegit
822 2545 915 2599 edendi
925 2584 935 2610 ,

295 2649 322 2703 Et
332 2651 440 2704 violare
451 2664 533 2700 manu
543 2645 671 2714 malisque
684 2643 926 2697 audacibus-orbem
979 2643 981 2649 ’

296 2745 385 2800 Fatalis
396 2743 494 2807 crusti,
511 2742 609 2813 patulis
619 2758 669 2794 nec
677 2756 784 2810 parcere
794 2740 916 2810 quadris:
1039 2767 1050 2803 1
1058 2766 1087 2815 15

297 2841 365 2898 Heus
375 2848 382 2898 !
392 2838 475 2897 etiam
484 2839 588 2894 mensas
597 2837 796 2903 consumimus,
812 2837 899 2908 inquit
907 2839 990 2894 lillut.

299 2937 346 2992 litt
355 2941 431 3008 plura
442 2976 451 3002 ,
466 2935 595 2990 alludens.
607 2934 643 2988 Ea
654 2950 713 2988 vox
723 2933 812 2988 auditu
822 2936 943 2989 laborum

300 3030 378 3088 Prima
385 3033 448 3089 tulit
455 3033 558 3094 finem
573 3031 740 3102 primamque
751 3033 886 3102 loquentis
899 3036 991 3087 abore

301 3127 392 3202 Eripuit
401 3145 495 3202 pater,
506 3146 540 3185 nc
548 3128 704 3198 stupefactus
717 3130 827 3190 numine
836 3131 934 3198 pteffit.

813 3229 838 3280 A
856 3228 886 3280 iv
