2700 3925
1118 390 1281 490 272
1567 379 2193 468 MAPHAEJ

1113 549 1295 602 Elatos
1319 548 1509 602 fraenas
1534 550 1742 603 animos
1763 589 1779 612 ,
1813 549 2136 625 communia
2159 549 2262 604 toti

1117 643 1286 697 Genti
1306 646 1508 715 sceptra
1533 661 1719 700 tenens
1735 684 1749 710 ‚
1781 661 2091 715 aeternaque
2112 647 2262 699 foede

1118 742 1256 808 Quae
1276 760 1500 815 magnos
1515 784 1530 809 ‚
1550 744 1850 813 parvosque
1868 744 2001 797 teris
2023 761 2042 803 ⁰,
2062 761 2190 812 quae
2209 746 2262 797 fo

1116 840 1364 893 Imbelles
1380 880 1396 905 ‚
1421 842 1735 911 populisque
1759 841 1939 893 Duces
1956 880 1972 903 ,
1997 841 2262 912 seniumq

1118 937 1246 989 Heu
1271 952 1505 990 mortem
1524 938 1795 990 obscuram
1820 941 1833 989 Ξ
1862 953 1981 1005 quae
2003 938 2163 990 causa
2184 938 2262 990 int

1118 1035 1337 1102 Eripere
1354 1074 1372 1099 ,
1390 1049 1547 1104 atque
1572 1051 1750 1087 meum
1774 1034 1973 1087 crudeli
1991 1036 2262 1088 vulnerer

1119 1131 1341 1184 Afficere
1367 1133 1388 1184 ἓ
1411 1130 1449 1183 ὁ
1470 1131 1601 1183 felix
1620 1147 1726 1183 tam
1751 1145 1901 1201 grato
1919 1131 2079 1183 caedis
2100 1134 2262 1185 Amat

1120 1226 1365 1281 Succeffu
1384 1230 1561 1280 laetare
1583 1242 1687 1280 tuae
1707 1246 1722 1281 z
1749 1244 1866 1296 quae
1885 1241 2034 1278 tanta
2053 1228 2262 1281 doloru

1118 1323 1315 1394 Fugisti
1333 1339 1682 1377 monumenta
1697 1363 1711 1387 ‚
1741 1322 2019 1393 gravisque
2041 1323 2262 1376 immani

1117 1421 1359 1474 Pondera
1381 1427 1393 1475 Ξ
1418 1420 1546 1489 quid
1564 1421 1759 1473 misero
1781 1420 2013 1490 genitori
2035 1422 2194 1488 plura
2214 1439 2262 1490 ps

1119 1515 1173 1569 Ο
1199 1516 1374 1584 superi
1395 1519 1417 1569 ?
1441 1531 1627 1568 natum
1651 1518 1893 1586 rapuistis
1914 1558 1929 1582 ‚
1957 1519 2011 1570 &
2034 1519 2213 1571 Ardea
2232 1518 2262 1571 fl

1119 1612 1446 1683 Consumpta
1457 1613 1517 1666 in
1528 1613 1763 1668 cinerem
1775 1616 1929 1668 versa
1941 1614 2014 1667 est
2027 1635 2041 1669 ε
2058 1632 2204 1669 nunc
2224 1636 2262 1669 a

1117 1710 1383 1764 Verberat
1409 1728 1423 1763 z
1446 1711 1513 1763 ah
1535 1714 1548 1764 Ξ
1571 1728 1659 1763 me
1679 1749 1694 1775 ,
1719 1712 1900 1763 Turne
1919 1750 1935 1775 ,
1960 1710 2052 1763 tua
2076 1714 2209 1779 plus
2223 1730 2262 1766 c:

1118 1809 1318 1861 Deerat
1335 1809 1502 1860 adhuc
1521 1808 1639 1860 sors·
1659 1804 1752 1859 ista
1772 1805 1936 1875 patris
1960 1806 2208 1874 suprema
2232 1810 2262 1862 s·

1117 1905 1190 1956 At
1211 1901 1345 1955 vero
1365 1906 1458 1957 tali
1476 1906 1530 1958 se
1551 1923 1633 1959 res
1655 1922 1775 1958 cum
1794 1905 1991 1957 foedere
2012 1906 2262 1972 versant,

1115 2002 1195 2053 Ut
1217 2018 1378 2070 quem
1401 2001 1583 2056 infesta
1601 2005 1778 2057 furens
1800 1996 2047 2056 miserum
2070 2004 2259 2057 fortun

1114 2098 1276 2151 Illum
1296 2098 1449 2150 omni
1472 2114 1620 2167 petat
1638 2098 1938 2152 infrendenss
1961 2138 1976 2162 ,
2003 2099 2056 2151 δε
2083 2101 2262 2154 turbin

1185 2195 1445 2249 Dixerat:
1463 2197 1516 2249 δι
1542 2200 1706 2249 multa
1728 2197 2066 2266 illacrymans
2092 2200 2245 2268 largo

1114 2294 1287 2347 Imbre
1309 2294 1527 2346 trahens.
1546 2293 1691 2347 diros
1716 2293 1944 2364 gemitus
1965 2333 1984 2356 ,,
2018 2295 2262 2364 rapidosq

1113 2392 1302 2457 Qualis
1322 2391 1414 2444 ubi
1431 2391 1668 2445 incubuit
1686 2391 1883 2444 validis
1894 2392 2050 2445 Jovis
2078 2395 2262 2461 ung-nil

1112 2489 1178 2539 Et
1198 2505 1422 2558 parvum
1444 2487 1614 2540 effuso
1634 2488 1847 2540 divulsit
1867 2488 2117 2556 sanguine
2135 2489 2262 2540 foen·

1112 2585 1287 2639 Cerva
1309 2585 1500 2638 videns
1520 2583 1701 2637 miseri
1725 2585 1960 2636 turbatur
1977 2585 2160 2636 funere
2184 2601 2262 2637 na1

1183 2683 1398 2736 Postera
1411 2685 1508 2735 lux
1531 2685 1696 2735 latum
1717 2682 1995 2750 splendore
2019 2681 2261 2748 impleve

1107 2777 1260 2829 Tunc
1280 2795 1428 2847 pater
1454 2778 1702 2833 ina—aelus
1726 2779 1872 2832 fatali
1891 2779 2063 2831 Marte
2082 2779 2262 2833 Latint

1104 2873 1372 2929 Defeciffe
1397 2877 1586 2931 videns
1604 2880 1768 2931 Italos
1786 2917 1802 2941 ‚
1831 2892 2104 2946 totamque
2123 2891 2262 2944 pote:

1106 2970 1309 3022 Cedere
1326 2970 1593 3025 fortunam
1613 2975 1796 3026 AEneae
1811 3013 1826 3037 ,
1850 2975 2079 3042 bellique
2103 2980 2262 3026 tumul

1101 3067 1448 3141 Ingentesque
1472 3068 1652 3125 animo
1677 3052 1861 3140 curas;
1881 3071 1932 3128 &
1951 3071 2154 3128 foedera
2167 3074 2262 3130 vol
