2700 3925
337 1021 505 1150 Dum,
520 1085 625 1150 Tucca,
637 1083 687 1137 tibi
695 1082 787 1149 venit,
800 1085 846 1138 sed
855 1084 926 1156 saepe
934 1086 1021 1140 videre

376 1185 442 1237 Non
451 1183 532 1238 licet:
544 1183 675 1237 occulitur
686 1181 780 1235 limine
789 1184 877 1237 clausa
885 1183 949 1238 viri.

340 1281 421 1335 Delia
429 1282 498 1352 saepe
510 1281 559 1335 tibi
569 1321 577 1347 ,
589 1298 645 1334 non
653 1277 730 1333 venit
741 1279 826 1333 adhuc
835 1279 904 1333 mihi
914 1300 922 1335 τ
934 1297 1037 1350 utruque

279 1425 285 1435 ,
378 1379 407 1432 Si
418 1378 567 1445 occulitur,
582 1375 664 1449 longe
673 1376 846 1447 estftangere
855 1366 931 1449 quod
939 1394 1049 1448 nequeat.

306 1490 319 1540 ς
340 1477 456 1533 Venerit
462 1494 509 1531 ¹aut
519 1476 569 1532 tibi
578 1514 591 1541 „
598 1477 643 1529 sed
651 1474 705 1543 jam
713 1473 767 1541 iam
776 1474 845 1527 mihi
856 1476 968 1531 nuntius
979 1475 1019 1530 iste

376 1572 451 1640 Quid
460 1572 585 1642 prodest?
597 1572 638 1628 illi
647 1572 746 1637 dicito,
759 1590 818 1645 quae
829 1573 921 1631 rediit.

340 1720 545 1777 Corinthiorum
554 1720 891 1788 amatoristeverborum,

339 1819 389 1873 lste
399 1819 445 1873 iste
455 1821 545 1873 rhetor
556 1839 563 1873 ε
575 1836 689 1889 namque
702 1832 831 1888 quatenus
839 1833 917 1874 totus

230 1916 233 1922 '
340 1918 508 1989 Thucycides
517 1932 645 1989 tyrannus
657 1916 753 1970 Atticae
761 1916 861 1982 febris,

287 2008 321 2047 ¹⁰
340 2018 398 2069 Tau
410 2015 544 2069 Gallicum
554 2017 636 2084 spinae
646 2014 758 2083 ipsemet
767 2013 839 2068 male
849 2014 938 2082 illisit,

334 2113 389 2166 'Ista
401 2113 493 2166 omnia
505 2153 513 2177 ,
528 2112 576 2165 ista
584 2113 667 2166 verba
677 2111 784 2164 miscuit
792 2111 879 2166 fratri

340 2213 422 2273 Socer
430 2212 506 2264 beate
518 2227 568 2264 nec
578 2210 647 2276 tibi,
660 2227 710 2263 nec
718 2208 811 2275 alteri,

341 2309 485 2380 Generque
493 2308 630 2362 'Noeiuine
643 2349 650 2374 ,
662 2307 785 2378 putidum
794 2321 894 2376 caput,

340 2411 437 2463 Tuone
448 2424 518 2460 nunc
527 2407 615 2476 puella
625 2406 684 2458 talis
697 2445 705 2470 ,
718 2406 772 2458 heu
783 2419 833 2457 tuo

287 2511 316 2562 15
340 2509 455 2578 Stupore
467 2505 551 2576 pressa
562 2522 607 2557 rus
616 2503 717 2556 abibit?
729 2502 774 2556 hei
784 2503 853 2556 mihi

340 2610 379 2661 Ut
388 2607 434 2660 ille
443 2605 536 2659 versus
545 2604 732 2671 usquequaque
743 2600 871 2668 pertinet.

340 2703 450 2768 Gener,
465 2703 593 2771 socerque
606 2739 614 2764 ,
629 2695 777 2768 perdidistis
787 2696 891 2751 omnia.

340 2803 456 2870 Superbe
466 2794 747 2867 No&uine,putidum
756 2776 867 2863 caput,
958 2803 960 2807 ·

339 2901 427 2952 Datur
436 2898 485 2950 tibi
495 2899 582 2966 puella
592 2936 600 2961 ,
612 2911 692 2964 quam
702 2892 786 2962 petis,
799 2893 890 2957 datur,

288 2977 323 3047 25
341 2999 445 3060 Datur,
460 2997 570 3065 superbe
581 2993 731 3057 Noiluine,
746 2985 824 3060 quarn
834 2989 924 3059 petis:

342 3089 410 3153 Sed,
427 3086 564 3164 &superbe
576 3083 730 3150 Nostuine,
746 3099 802 3138 non
809 3080 887 3136 vides
