2700 3925
346 426 438 504 242⁸
545 404 885 490 Vincam

342 564 467 634 Undique
478 569 630 633 mutabant,
647 583 727 638 atque
738 567 857 639 undique
869 570 1038 624 mutabantur.

284 663 335 716 495
348 661 412 715 Oris
424 664 514 718 honos
525 664 640 734 primiun
651 705 659 729 ,
672 667 699 719 δι
711 666 802 720 multis
813 680 906 742 optata
916 668 1021 731 labella,

337 761 373 812 'Et
383 764 479 829 pamla
490 763 586 816 frontis
596 763 697 831 species
708 764 878 817 concrescere
888 764 919 817 in
927 781 1006 818 unum

342 859 475 928 erepere,
493 861 520 913 δι
532 861 624 931 gracili
635 877 756 915 mentum
765 863 914 931 producere
924 862 1015 916 rostro.

340 957 427 1021 Tum,
438 956 525 1027 quise
536 960 654 1014 medium
663 959 758 1030 capitis
765 958 909 1014 discrimen
918 962 1022 1030 agebat,

343 1052 408 1105 Ecce
420 1052 529 1123 repente
539 1094 547 1120 ‚
556 1058 633 1109 velut
642 1057 744 1127 patrios
758 1056 879 1112 imitatus
888 1058 1022 1121 honores,

289 1158 341 1209 500
349 1149 510 1220 Purpuream
519 1152 646 1221 concuffit
655 1169 725 1223 apex
735 1152 765 1205 in
772 1153 877 1208 vertice
888 1153 999 1209 cristam.

342 1249 379 1300 At
391 1248 481 1303 mollis
493 1249 584 1304 varios
598 1250 722 1304 intexens
732 1252 824 1320 pluma
833 1253 959 1317 colores,
986 1297 990 1302 .

344 1347 528 1401 Marmoreum
536 1348 643 1401 volucri
654 1348 763 1402 vestivit
773 1349 894 1420 tegmine
903 1366 1013 1419 corpus,

344 1444 481 1515 Lentaque
490 1460 631 1516 perpetuas
642 1447 766 1500 fuderunt
774 1446 880 1499 brachia
890 1463 1005 1515 pennas:

343 1541 408 1593 Inde
420 1541 484 1593 alias
493 1543 594 1611 partis,
611 1541 751 1613 minioque
760 1541 858 1596 infesta
868 1542 975 1597 rubenti

292 1647 304 1699 5
310 1646 341 1697 05
353 1639 436 1690 Crura
447 1654 527 1691 novae
538 1637 636 1691 macies
650 1637 763 1691 obduxit
774 1638 893 1707 squalida
904 1639 982 1709 pellis
993 1677 1002 1704 ,

345 1735 378 1786 Et
389 1734 500 1804 pedibus
509 1734 608 1788 teneris
619 1753 722 1806 ungues
733 1734 849 1789 confixit
857 1717 961 1792 acutos.

345 1834 379 1885 Et
390 1848 480 1886 tamen
490 1833 543 1885 boc
552 1833 659 1884 demum
671 1831 773 1885 miserae
784 1832 935 1887 succurrere
945 1832 1019 1903 patio

346 1930 406 1983 Vix
416 1931 500 1984 fuerat
510 1929 611 1999 placidi
623 1930 744 2000 Neptuni
753 1929 867 2003 conjuge
877 1932 997 2003 dignum.

347 2032 500 2098 Numquam
512 2029 585 2081 illam
594 2027 702 2098 posthac
710 2029 783 2081 oculi
791 2028 886 2083 videre
896 2031 1004 2083 suorum

295 2140 345 2192 510
353 2128 500 2196 Purpureas
510 2125 583 2180 flavo
595 2127 758 2180 retinentem
766 2125 869 2180 vertice
878 2128 962 2181 vittas
973 2146 981 2182 t

348 2227 413 2277 Non
422 2226 552 2278 thalamus
562 2225 650 2296 Tyrio
663 2227 766 2296 fragans
776 2224 879 2294 accepit
888 2242 1015 2290 amomo,

348 2326 435 2377 Nullae
445 2324 519 2377 illam
528 2324 601 2378 sedes
612 2342 620 2384 3
638 2323 702 2393 quid
711 2322 784 2377 enim
791 2324 846 2392 jam
855 2323 961 2377 sedibus
970 2324 1025 2376 illi?

350 2424 418 2490 Quae
430 2423 506 2475 fimul
517 2437 547 2474 ut
563 2422 617 2475 sese
629 2437 696 2473 cano
708 2422 741 2472 de
753 2418 856 2489 gurgite
867 2422 955 2472 velox

352 2525 420 2573 Cum
431 2519 521 2574 sonitu
531 2521 563 2572 ad
574 2520 681 2570 Coelum
691 2515 858 2569 stridentibus
871 2515 972 2568 exuriit
984 2514 1045 2577 alis,

298 2637 344 2687 515
357 2620 389 2671 Et
400 2620 514 2672 multum
525 2596 578 2669 late
591 2613 710 2683 disperfit
721 2611 750 2664 in
762 2628 869 2681 equore
882 2629 992 2674 rotent3

352 2717 449 2771 Infelix
462 2690 541 2786 virgo
551 2712 729 2783 nequicquam
741 2724 828 2763 morte
837 2711 947 2780 recepta

350 2817 483 2868 Incultum
493 2812 558 2866 solis
568 2811 596 2864 in
608 2809 717 2879 rupibus
729 2808 814 2880 exigit
826 2826 914 2861 aevum
928 2848 937 2874 ‚

352 2912 486 2980 Rupibus,
500 2909 651 2980 &scopulis
663 2948 671 2974 ,
685 2907 858 2961 &littoribus
871 2907 993 2962 desertis.

352 3011 408 3062 Nec
414 3024 503 3062 tamen
508 3010 561 3063 hoc
567 3008 664 3062 iterum
670 3021 752 3076 poena
758 3004 825 3057 fine:
834 3020 951 3074 namque
958 3004 1046 3058 Derim
1051 3001 1080 3055 Re

299 3129 308 3179 5
318 3106 457 3165 200mnia
466 3106 513 3178 qui
521 3105 636 3176 imperio
648 3119 777 3159 terrarum
785 3100 987 3168 minitaretur,
