2700 3925
360 484 438 565 134
564 416 900 544 AENeror

352 621 509 676 Muneribus
520 642 529 683 ·,
544 624 717 696 moestamque
728 626 845 680 Evandri
856 625 959 697 primus
967 625 998 680 ad
1004 625 1077 680 urbem

351 718 476 773 Mittatur
491 722 593 789 Pallas,
606 742 687 795 quem
699 742 756 779 non
763 724 874 778 virtutis
886 740 1006 797 egentem

350 816 464 872 Abstulit
472 833 528 873 atra
540 820 614 886 dies,
628 823 655 876 δι
666 824 759 877 sunere
768 823 859 876 merfit
867 825 972 879 acerbo.

388 916 432 969 Sic
438 902 665 991 aitillacrymans‚
675 920 825 993 recipitque
831 924 865 976 ad
870 921 966 976 limina
971 918 1070 994 gressum
1075 923 1088 985 ,“

295 1012 331 1069 30
351 1015 455 1083 Corpus
464 1015 510 1069 ubi
522 1018 641 1072 exanimi
653 1018 770 1089 pofirum
779 1020 907 1074 Pallantis
916 1021 1028 1075 Acoetes

350 1113 476 1167 Servabat
488 1115 578 1170 senior
590 1156 598 1181 ‚
613 1117 659 1188 qui
671 1117 807 1171 Parrhasio
816 1119 943 1172 Evandro
974 1121 978 1126 ’

348 1210 473 1282 Armiger
481 1211 543 1268 ante
552 1214 621 1275 suit3
638 1215 750 1268 sednon
762 1215 883 1269 felicibus
895 1216 975 1287 aeque

348 1308 419 1361 Tum
434 1327 526 1365 comes
538 1310 665 1381 auspiciis-
673 1329 736 1366 caro
747 1313 823 1366 datiis
833 1312 888 1366 ibat
897 1315 1019 1367 alumno.

350 1405 457 1460 Circium
464 1425 559 1462 omnes
566 1409 747 1479 famulumque
754 1406 1105 1481 manus,Trojanaquetum

295 1506 326 1559 35
348 1505 380 1555 Et
392 1505 516 1558 moestdm
526 1507 622 1558 Iliades
632 1506 734 1560 crinem
744 1508 775 1560 de
788 1523 864 1561 more
874 1507 981 1565 solutae.

348 1602 387 1652 Ut
396 1598 463 1653 vers)
473 1601 569 1654 AEneas
579 1602 681 1655 foribus
692 1602 746 1656 sese
757 1602 848 1656 intulit
857 1603 935 1669 altis,

347 1699 486 1769 Ingentem
499 1697 629 1769 gemitum
641 1701 722 1754 tunsis
735 1703 768 1754 ad
779 1700 861 1755 sidera
871 1705 979 1756 tollunt·

348 1796 502 1851 Pedioribus
513 1838 521 1863 ‚
534 1798 684 1869 moestoque
696 1798 821 1871 immugit
831 1800 906 1872 regia
917 1800 1003 1857 ludu.

348 1895 406 1964 Ipse
416 1909 496 1966 caput
504 1894 580 1949 nivei
589 1896 686 1948 fultum
695 1885 822 1948 Pallantis
835 1897 861 1948 δι
871 1913 919 1950 ora

240 2040 243 2051 .
291 2001 328 2050 40
348 1997 385 2048 Ut
394 1994 481 2060 vidit,
498 1995 607 2064 levique
616 2008 709 2062 patens
722 1993 751 2045 in
762 1988 871 2061 pedore
882 1997 983 2048 vulnus

349 2092 471 2161 cuspidis
481 2092 626 2156 Ausoniae,
643 2091 769 2162 lacrymis
782 2090 818 2143 ita
830 2093 900 2145 satur
912 2091 1034 2146 obortis:

383 2190 458 2242 Tene
465 2229 473 2254 ‚
481 2189 584 2259 inquit,
595 2190 741 2244 miserande
748 2207 827 2260 puer,
838 2190 899 2243 cum
906 2193 967 2244 laeta
975 2190 1085 2250 veniret,

346 2287 448 2340 Invidit
459 2287 566 2341 fortuna
578 2287 662 2351 mihi,
674 2305 709 2340 ne
718 2305 798 2358 regna
806 2287 913 2340 videres

347 2384 443 2438 Nostra
454 2425 462 2450 ‚
475 2401 561 2455 neque
572 2386 604 2436 ad
613 2384 686 2437 sedes
695 2383 784 2437 viceor
792 2385 921 2438 veherere
932 2382 1070 2454 paternas?

291 2492 324 2544 45
347 2485 410 2536 Non
419 2485 475 2536 haec
486 2484 611 2535 Evandro
621 2484 652 2534 de
662 2495 688 2533 te
698 2479 824 2548 promissa
835 2480 940 2548 parenti
984 2488 987 2493 '
1089 2480 1093 2485 ”

347 2581 493 2634 Discedens
506 2582 646 2642 dederam,
661 2577 722 2630 cum
732 2594 774 2630 me
784 2580 940 2646 complexus
950 2591 1056 2632 euntem

347 2678 470 2731 Mitteret
477 2677 636 2748 in-magnum
644 2673 997 2745 imperiummcmentesque
1004 2680 1109 2730 moneret

347 2775 429 2828 Actes
441 2775 491 2828 effe
502 2775 577 2828 viros
589 2815 597 2839 ‚
610 2791 670 2827 cum
681 2773 744 2825 dura
754 2772 850 2839 proelia
860 2785 950 2842 gente.

348 2872 380 2922 Et
390 2888 460 2924 nunc
472 2871 517 2924 ille
527 2872 632 2941 quidem
644 2908 651 2930 ,
667 2869 713 2936 spe
728 2871 843 2921 multum
853 2883 945 2937 captus
955 2868 1048 2934 inani,
1061 2926 1064 2931 ,

295 2983 328 3034 5⁰
348 2969 413 3020 Fors
425 2970 452 3020 δι
462 2984 526 3021 vota
538 2969 617 3029 sacit,
633 2967 802 3035 cumulatque
814 2966 906 3019 altaria
917 2966 1011 3019 donis:

348 3065 407 3116 Nos
415 3064 539 3130 juvenem
551 3064 719 3126 exanimum,
732 3063 757 3114 ὅ(
770 3061 867 3127 niljam
876 3060 1086 3118 coelestibusunis

348 3160 498 3214 Debentem
511 3199 518 3226 ,
535 3177 608 3213 vano
620 3158 708 3213 moesti
721 3160 879 3214 comitamur
887 3161 1008 3217 honore,

264 3310 354 3484 Ν
