2700 3925
266 275 996 358 emmsceww-weu

306 472 952 546 LIBERDUODEC1MUS.

266 581 423 698 suanus
436 659 467 697 ut
478 643 604 698 infraelos
616 645 727 697 adverso
739 645 827 697 Marte
842 644 952 698 Latinos

266 741 386 794 Defeciffe
397 742 493 804 videt,
513 742 558 794 sua
573 758 642 793 nunc
660 740 785 810 promissa
800 742 922 811 reposci,

266 839 291 892 le
301 839 398 910 signari
411 838 497 891 oculis
511 857 519 898 3
534 841 606 893 ultro
618 837 791 906 implacabilis
802 840 892 904 ardet,

266 936 418 1006 Attollitque
430 935 545 989 animos.
557 935 703 987 Poenorum
713 934 798 1004 qualis
811 936 840 988 in
850 937 921 990 arvis

266 1033 366 1088 Saucius
377 1033 423 1086 ille
434 1032 510 1102 gravi
520 1049 666 1086 venantum
675 1035 787 1086 vulnere
797 1034 888 1102 peclus
899 1074 907 1100 ,
1027 1053 1037 1098 ς

266 1132 327 1186 I'um
338 1133 447 1186 demum
457 1145 551 1183 movet
560 1149 630 1184 arma
639 1133 700 1194 leo,
712 1133 859 1202 gaudetque
868 1148 1003 1186 comantes

266 1229 402 1284 Excutiens
415 1228 519 1281 cervice
531 1241 624 1292 totos,
643 1227 781 1297 sucumque
792 1229 905 1282 latronis

266 1326 412 1396 Inpavidus
424 1325 521 1394 frangit
532 1327 615 1378 telum
628 1364 635 1390 ‚
649 1325 676 1377 δι
686 1325 776 1379 fremit
787 1342 835 1379 ore
844 1340 974 1382 cruento:

266 1422 335 1477 llaud
347 1423 422 1476 secus
435 1420 545 1474 accenso
555 1421 640 1492 gliscit
649 1422 781 1476 violentia
792 1424 894 1478 Turno.

266 1517 330 1572 'lum
338 1517 375 1572 src
384 1517 479 1570 affatur
488 1518 588 1587 Regem
601 1557 609 1580 ,
622 1533 701 1588 atque
712 1519 750 1572 ita
761 1521 880 1575 turbidus
890 1521 968 1575 infit:
1027 1541 1061 1580 ις.

266 1615 339 1670 Nulla
348 1631 426 1670 mora
435 1614 563 1668 in'l'urno
571 1634 578 1668 ι
586 1615 653 1668 nihil
660 1615 697 1668 est
706 1618 778 1684 quod
789 1616 857 1670 diela
866 1618 1006 1670 retiaslent

266 1713 354 1784 {gnavi
366 1713 489 1766 AEneadae
501 1729 510 1772 3
525 1727 574 1765 nec
585 1751 592 1775 ‚
605 1729 663 1781 quae
673 1712 799 1783 pepigere
811 1752 819 1775 ,
834 1715 964 1768 recusent.

268 1810 440 1884 Congredior.
453 1812 503 1863 Fer
513 1809 584 1864 sacra
597 1851 604 1874 ,
616 1826 708 1879 pater,
722 1812 749 1864 δι
759 1811 871 1880 concipe
881 1813 979 1866 foedus.

272 1907 314 1963 lut
322 1909 373 1963 hae
383 1907 548 1960 Dardanium
558 1907 649 1960 dextri
660 1907 705 1959 sub
715 1921 810 1962 tartara
819 1909 923 1960 mittam

276 1996 436 2061 lesmoren
445 2004 511 2058 Afiae
523 2004 533 2071 <
543 2006 666 2068 sedeant,
681 2004 850 2076 speslentque
859 2006 968 2078 Latini)
1030 2031 1059 2080 13

282 2101 297 2153 ‘t
305 2103 377 2159 solus
389 2102 461 2157 ierro
471 2101 573 2156 crimen
582 2120 725 2157 commune
734 2105 869 2158 refellam:

290 2202 422 2255 utlrabeat
433 2200 522 2253 vislos
535 2239 542 2261 ,
554 2201 629 2252 cedat
638 2198 751 2251 Lavinia
762 2199 871 2265 conjux.

302 2296 360 2351 Olli
368 2298 459 2351 sedato
469 2294 605 2364 respondit
616 2296 696 2347 corde
705 2295 830 2348 Latinus:

306 2394 428 2465 pmiians
437 2392 520 2445 animi
529 2391 635 2458 juvenis
646 2431 654 2456 ‚
670 2392 798 2462 quantiam
808 2393 863 2462 ipse
871 2392 956 2447 feroci

309 2504 372 2547 ttute
385 2490 527 2559 exsuperas
540 2510 549 2552 ¹,
565 2489 640 2544 tanto
650 2507 694 2543 me
704 2490 845 2559 impensius
858 2510 964 2561 aequum
975 2495 1011 2548 est
1033 2521 1066 2558 20

315 2590 602 2657 nsulere‚atqueomnes
611 2603 772 2641 metuentem
780 2590 929 2654 expendere
936 2594 1019 2655 casus,

324 2699 334 2738 t
344 2686 394 2741 tibi
405 2702 488 2756 regna
497 2685 579 2753 patris
592 2684 699 2749 Dauni,
711 2685 772 2737 sunt
783 2684 881 2753 oppida
890 2702 967 2756 capta

330 2796 454 2841 temanur
462 2798 511 2834 nec
517 2798 573 2833 non
580 2798 724 2849 aurumque
730 2780 883 2850 animusque
891 2783 987 2841 Latino
993 2796 1038 2851 est,

334 2880 403 2933 zaliae
415 2879 535 2946 innuptae
545 2875 622 2929 Latio
634 2876 659 2927 ἃ
669 2876 841 2930 Laurentibus
851 2878 936 2948 agris,

341 2992 418 3044 genus
430 2976 578 3029 indecores.
590 2974 651 3027 Sine
662 2991 704 3026 me
716 2976 771 3027 haec
780 2976 847 3029 haud
860 2978 952 3031 mollia
962 2981 1016 3034 sam
1036 2998 1067 3042 25

346 3076 425 3128 Tenus
446 3074 461 3127 l
467 3074 490 3128 I.
878 3075 904 3125 H
