2700 3925
689 730 789 806 32
1085 698 1766 782 AENEIDUS

680 858 927 912 AEtherea
948 862 1001 913 Sc
1018 862 1230 929 superas
1256 862 1384 915 cue-li
1406 862 1606 917 veuifl'e
1635 866 1726 917 sub
1750 882 1899 917 auras
1919 901 1937 927 ‚

681 939 915 1009 Paeoniis
937 971 1248 1011 revocatum
1268 958 1481 1024 herbis,
1509 960 1562 1012 δι
1584 977 1765 1013 amore
1787 960 1999 1013 Dianae.

572 1061 681 1112 770
692 1052 833 1105 Tum
843 1067 992 1123 pater
1004 1055 1349 1125 omnipotens
1365 1097 1380 1122 ,
1395 1055 1627 1127 aliquem
1640 1057 1940 1127 indignatus
1954 1057 2017 1109 ab
2029 1050 2214 1110 umbris

683 1148 975 1204 Mol-talem
993 1153 1214 1207 infernis
1240 1156 1305 1207 ad
1326 1154 1530 1207 lumina
1552 1154 1762 1224 surgere
1783 1154 1912 1207 vitae
1925 1193 1941 1219 ,

681 1248 802 1316 Ipse
824 1263 1152 1318 repertorem
1175 1251 1451 1305 medicinae
1472 1250 1592 1304 talis
1616 1252 1669 1304 δι
1692 1250 1819 1303 artis

683 1344 926 1398 Fulmine
945 1347 1322 1417 Phoebigenam
1344 1346 1559 1417 Stygias
1578 1346 1792 1400 detrusit
1814 1348 1878 1399 ad
1894 1347 2079 1400 undas-

692 1441 763 1493 At
785 1442 973 1496 Trivia
997 1444 1361 1513 Hippolytum
1390 1443 1602 1497 secretis
1622 1446 1755 1496 alma
1779 1444 2021 1495 recondit

576 1549 676 1601 775
699 1538 916 1596 Sedibus
931 1578 947 1602 ‚
970 1540 1023 1591 &
1045 1541 1297 1610 nymphae
1320 1541 1519 1610 Egeriae
1538 1539 1853 1611 nemorique
1873 1542 2101 1610 relegat:

689 1636 848 1687 Solus
870 1610 961 1688 u'hi
986 1636 1043 1688 in
1064 1637 1234 1707 sylvis
1250 1630 1398 1690 'Italis
1423 1637 1672 1707 ignobilis
1693 1654 1870 1689 aevum

690 1730 943 1801 Exigeret
962 1771 977 1797 ‚
1000 1733 1265 1803 versoque
1286 1734 1378 1787 ubi
1398 1734 1618 1787 nomine
1640 1732 1863 1787 Virbius
1887 1732 2032 1789 effet-

689 1829 847 1880 Unde
870 1827 1031 1880 etiam
1049 1828 1247 1883 Triviae
1266 1833 1473 1899 templo
1493 1831 1728 1901 lucisque
1747 1831 1959 1884 sacratis

694 1924 1022 1995 Cornipedes
1042 1913 1282 1980 arcentur
1304 1927 1465 1997 equi,
1500 1926 1643 1999 quod
1663 1928 1847 1981 littore
1873 1945 2083 1982 currum

581 2023 689 2094 780
703 2023 767 2075 Et
787 2022 1040 2089 juvenem
1065 2023 1310 2077 monstris
1334 2027 1517 2093 pavidi
1539 2025 1769 2078 effudere
1794 2027 2032 2081 marinis,

692 2111 856 2173 Filius
888 2123 1125 2174 ardentes
1155 2123 1292 2175 haud
1323 2123 1491 2176 secius
1515 2141 1728 2193 aequore
1749 2123 1924 2193 campi

691 2218 980 2271 Exercebat
1003 2236 1172 2291 equos
1196 2260 1211 2286 ‚
1238 2237 1496 2289 curruque
1520 2221 1578 2273 in
1599 2222 1733 2273 bella
1758 2223 1961 2275 ruebat.

764 2315 882 2385 Ipse
903 2315 1043 2368 inter
1062 2317 1266 2385 primos
1291 2317 1551 2386 praestanti
1575 2334 1800 2387 corpore
1822 2320 2034 2373 Turnus

692 2400 939 2468 Vertitur
959 2453 974 2479 ,
1006 2431 1149 2468 arma
1167 2429 1353 2469 tenens
1376 2456 1392 2480 ‚
1415 2417 1467 2469 &
1490 2430 1610 2470 toto
1629 2414 1832 2468 vertice
1856 2415 2008 2484 supra
2033 2415 2126 2471 est.

582 2512 685 2579 785
708 2511 809 2564 Cui
829 2511 1030 2580 triplici
1049 2511 1238 2565 crinita
1261 2511 1383 2578 juba
1403 2515 1547 2582 galea
1569 2515 1671 2591 alta
1693 2513 2009 2566 Chimaeram

696 2607 952 2673 Sustinet,
976 2609 1215 2661 AEtnaeos
1242 2609 1508 2663 efflantem
1537 2610 1769 2664 faucibus
1790 2610 1940 2679 ignes
1965 2630 1980 2664 ε

665 2725 671 2731 ·
695 2706 833 2758 Tam
852 2705 1020 2776 magis
1040 2705 1129 2760 illa
1147 2707 1376 2760 fremens
1394 2747 1409 2770 ‚
1427 2709 1479 2760 &
1496 2707 1722 2760 tristibus
1742 2706 1902 2760 effera
1921 2708 2153 2762 flammis
2168 2748 2185 2775 ‚

695 2802 876 2870 Quam
895 2804 1062 2874 magis
1082 2802 1252 2857 effuso
1270 2805 1578 2857 crudescunt
1594 2803 1843 2874 sanguine
1862 2822 2073 2876 pugnae.

770 2902 843 2954 At
858 2884 1039 2954 levem
1065 2902 1309 2968 clypeum
1328 2900 1544 2954 sublatis
1563 2901 1809 2965 cornibus
1830 2903 1895 2955 Io

587 3014 695 3068 790
707 3000 856 3051 Auro
875 2995 1156 3067 infignibat
1174 3035 1189 3061 ,
1219 2995 1327 3062 jam
1351 2996 1475 3049 setis
1499 2996 1662 3049 obfita
1683 3036 1698 3061 ,
1721 2995 1827 3062 iam
1849 2999 1949 3051 bos

702 3093 1130 3165 (Argumentum
1153 3091 1380 3161 ingens)
1406 3092 1460 3144 δε
1482 3092 1652 3145 custos
1670 3093 1896 3163 virginis
1919 3096 2090 3166 Argus
2114 3135 2130 3162 ‚

617 3196 622 3204 '
700 3189 1002 3259 caelataque
1024 3205 1235 3242 amnem
1254 3188 1477 3241 fundens
1496 3202 1644 3257 pater
1665 3189 1886 3241 Inachus
1910 3193 2061 3245 urna.

700 3287 1001 3358 Insequitur
1024 3286 1233 3340 nimbus
1257 3284 1495 3354 peditum
1516 3325 1532 3350 ,
1557 3287 1901 3354 clypeataque
1925 3288 2055 3340 totis

702 3384 930 3463 Agmina
954 3385 1233 3439 densantur
1250 3383 1450 3452 campis
1475 3422 1490 3447 ,
1514 3382 1817 3453 Argivaque
1841 3384 2008 3451 pubes
2027 3423 2045 3448 ,

524 3614 680 3686 “
