2700 3925
255 444 397 546 J‘40
539 435 882 525 AENEIDOS

341 605 481 661 Dardanus
491 607 578 662 Iliacae
590 609 692 678 primus
705 624 779 678 pater
789 608 861 661 urhis
874 607 900 660 δι
913 603 1026 672 audior}

290 703 447 760 135E1enrn
457 743 465 768 ,
476 719 507 757 ut
519 704 596 758 Graii
609 706 763 773 perhibent,
772 704 906 758 Atlantide
918 712 1027 770 cretum

341 800 492 853 Advehitur
498 801 617 855 Teucros
629 822 636 856 z
649 802 779 856 Electram
788 802 920 855 maximus
930 804 1005 856 Atlas

341 896 447 962 Edidit,
463 899 592 953 κύκησε
603 901 717 954 humero
730 901 776 971 qni
792 900 899 954 sustinet
911 901 1000 954 orbes.

341 993 429 1047 Vobis
440 995 588 1049 Mercurius
600 1012 674 1065 pater
684 997 739 1063 est,
752 1014 832 1067 quem
843 997 951 1051 candida
960 996 1035 1050 Maia

343 1093 463 1161 Cyllene
473 1091 561 1162 gelido
570 1108 730 1162 conceptum
739 1093 841 1147 vertice
850 1092 926 1148 fudit.

290 1195 342 1246 140
348 1189 384 1240 At
395 1188 510 1254 Maiam,
522 1190 619 1243 auditis
628 1188 802 1261 fi'quicquam
813 1191 959 1256 credimus,
971 1191 1061 1256 Atlas,

342 1286 416 1339 Idem
425 1286 500 1339 Atlas
510 1302 617 1357 generat
628 1327 635 1351 ‚
653 1288 717 1341 coeli
728 1288 775 1358 qui
784 1287 865 1342 fidera
874 1288 955 1341 tollit.

343 1381 388 1435 Sic
397 1400 479 1452 genus
491 1386 629 1437 amborum
638 1384 733 1438 scindit
743 1386 769 1438 se
776 1383 904 1455 sanguine
914 1385 945 1437 ab
954 1402 1020 1438 uno.

343 1478 395 1546 ldis
404 1480 504 1543 fretus,
518 1482 705 1550 uoniegatos,
721 1497 807 1550 neque
819 1480 905 1549 prima
916 1497 965 1549 per
976 1495 1059 1533 artem

344 1575 519 1628 Tentamenta
528 1576 569 1627 tui
578 1575 670 1646 pepigi
680 1594 688 1637 3
699 1593 742 1629 me
754 1594 797 1630 me
809 1576 879 1645 ipse,
892 1593 1037 1647 meumque

291 1681 340 1736 145
350 1671 447 1737 objeci
456 1687 534 1741 caput
545 1712 553 1737 ‚
566 1673 595 1725 δι
604 1673 717 1741 supplex
726 1675 758 1726 a'd
766 1673 858 1726 limina
869 1673 944 1727 veni.

345 1767 421 1821 Gens
433 1771 542 1835 eadem,
556 1788 614 1841 quae
623 1786 650 1823 te
659 1769 759 1824 crudeli
768 1770 873 1823 Daunia
881 1758 953 1823 bello

343 1866 509 1937 bsequium,
521 1884 572 1921 uos
583 1867 603 1919 fi
613 1869 713 1936 pellant
723 1906 731 1931 ‚
743 1867 811 1920 nihil
822 1868 913 1920 abfore
925 1868 1036 1920 credunt
1044 1875 1055 1933 ,’

345 1964 421 2030 Quin
426 1981 535 2020 omnem
541 1965 697 2036 Hesperiam
703 1965 808 2033 penitus
814 1966 859 2018 sua
865 1963 978 2035 subjuga
985 1965 1073 2018 mittan

344 2061 378 2114 Et
387 2078 458 2115 mare
468 2063 540 2131 quod
548 2060 626 2130 suprd
635 2074 759 2126 teneant,
772 2063 896 2130 quodque
907 2063 985 2114 alluit
994 2061 1069 2116 iniri.

294 2170 347 2225 150
354 2137 452 2228 decipe
462 2197 470 2223 ‚
482 2159 566 2228 da<p1e
577 2157 656 2212 fidem
668 2178 675 2212 :
686 2157 747 2210 sunt
759 2159 837 2211 nobis
848 2159 927 2211 sortia
936 2161 1009 2212 bello

345 2256 455 2310 Pedium
465 2297 473 2321 ‚
483 2257 542 2309 sunt
552 2255 654 2320 animi,
668 2256 695 2308 δι
706 2257 782 2308 rebus
792 2255 905 2324 speaata
917 2255 1055 2322 juvemus.

373 2354 496 2425 xDixerat
505 2353 602 2406 AEueas
613 2372 620 2407 ε
631 2352 677 2404 ille
687 2369 733 2415 os,
745 2353 889 2421 oculosque
898 2353 1037 2422 loquentis

346 2450 503 2505 Iamdudum
514 2450 540 2502 δι
550 2464 638 2502 totum
646 2447 769 2501 lustrabat
776 2448 879 2502 lumine
890 2466 999 2518 corpus.

346 2548 417 2600 Tum
426 2547 461 2599 fic
472 2561 554 2616 pauca
561 2548 642 2599 refert
651 2565 658 2598 z
668 2548 708 2598 Ut
717 2559 744 2598 te
755 2585 762 2609 ‚
774 2545 911 2599 fortiffime
923 2548 1073 2615 Teucrssm,

292 2659 342 2714 155
351 2644 482 2713 decipio,
497 2643 665 2713 agnoscoque
675 2641 762 2695 libens
773 2646 780 2694 1
790 2654 821 2693 ut
829 2643 910 2695 verba
920 2645 1038 2712 parentis
1049 2667 1052 2671 ·

347 2745 381 2796 Et
388 2758 487 2797 vocem
495 2741 615 2817 Anchisa
624 2730 715 2808 ma'gni
723 2740 881 2808 vultumque
890 2744 1018 2795 recordor
1029 2748 1037 2798 !

347 2843 417 2894 Nam
426 2838 536 2894 memini
546 2838 668 2891 Hesiona
679 2836 812 2889 visentem
821 2854 902 2909 regna
911 2839 1014 2892 suroris

347 2937 590 2992 laomedontiaden
598 2934 731 2987 Priamum
742 2973 750 2999 ‚
760 2935 891 2988 Salumina
900 2950 1058 3005 petentem,

346 3035 473 3090 Protinus
482 3033 599 3087 Arcadia
609 3033 712 3102 gelidos
723 3032 838 3086 invisere
851 3032 928 3087 fines.

295 3131 347 3187 160
352 3133 423 3188 Tum
431 3131 499 3188 mihi
510 3131 592 3202 priua
601 3128 800 3204 gemundum
809 3129 877 3185 flore
887 3128 1020 3199 juventu,

241 3322 341 3484 N
