2700 3925
410 427 486 510 192
596 400 949 517 AEivlrruos

346 564 400 615 620
408 563 460 616 Hei
470 564 536 617 mihi
551 570 557 619 !
571 567 635 635 quid
644 582 720 621 tanto
730 568 868 620 turbantur
880 564 983 618 ntoenia
992 560 1075 617 ludin?

403 660 506 727 Quisve
516 664 569 716 ruit
578 679 666 719 tantus
676 664 779 718 diversa
788 665 889 717 clamor
898 664 930 716 ab
939 664 1018 715 urbe?
1075 695 1078 699 ι

401 758 446 811 Sic
458 760 512 825 ait,
529 761 697 831 adduffisque
709 777 800 815 amens
809 759 920 813 subiistit
929 758 1045 812 habenis.

401 857 489 927 Atque
498 858 560 911 huic
570 899 578 924 ,
589 859 618 912 in
627 859 721 913 faciem
731 860 807 913 sotor
814 872 845 911 ut
855 858 986 912 conversa
994 854 1092 910 Metisci

401 952 525 1024 Auriga,
542 971 701 1025 currumque
711 956 738 1008 ἃ
747 956 937 1030 equos&lora
946 956 1063 1025 regebat,

346 1050 397 1117 625
406 1050 515 1104 Talibus
525 1051 641 1105 occurrit
651 1051 727 1105 dietis
737 1070 744 1106 ε
755 1050 812 1103 Hdc
824 1052 935 1115 ‚Turne
945 1091 953 1115 ‚
964 1053 1094 1121 sequantur

401 1148 585 1220 Troiugenas,
604 1148 655 1219 qui
664 1149 750 1218 prima
761 1148 835 1201 viam
845 1147 963 1201 vieiotia
974 1146 1073 1217 pandit.

401 1246 470 1298 Sunt
480 1246 526 1301 alii
538 1287 546 1311 ,
563 1246 610 1316 qui
622 1246 690 1299 recia
701 1263 782 1299 mauu
793 1246 934 1299 defendere
951 1243 1064 1314 poffint:

400 1344 504 1414 Ingruit
514 1344 613 1398 AEneas
624 1343 699 1397 Italis
710 1383 718 1408 ‚
734 1344 761 1397 dc
770 1342 867 1413 proelia
876 1343 990 1404 miscet;

401 1441 433 1491 Et
445 1458 495 1494 nos
506 1442 576 1494 saeva
588 1458 668 1494 ntanu
677 1440 814 1494 mittamus
825 1441 918 1494 uncta
929 1438 1051 1496 Teucris.

249 1601 254 1610 ·
346 1538 461 1602 630Nec
474 1554 586 1589 nurnero
597 1537 727 1604 inferior,
742 1554 838 1609 pugna
846 1553 897 1592 nec
907 1538 1016 1592 honore
1023 1536 1120 1592 recedes.

438 1632 543 1697 Turnus
554 1634 649 1688 adhaec
659 1638 666 1687 't

401 1728 429 1781 0
443 1730 536 1795 sotor,
555 1731 690 1784 &dudum
702 1731 820 1802 agnovi,
835 1732 896 1787 eum
909 1733 997 1802 ptirna
1008 1742 1125 1803 perattem

400 1830 507 1892 Foedera
516 1828 622 1882 turbasti
633 1868 640 1893 ‚
657 1842 737 1898 teque
746 1831 802 1883 haec
811 1829 840 1881 in
847 1832 918 1888 bella
926 1831 1019 1885 dedisti
1029 1850 1043 1885 ε.

400 1927 434 1979 Et
444 1943 513 1980 nunc
523 1926 699 1997 nequicquam
708 1926 777 1981 fallis
786 1928 845 1980 Dea
854 1946 862 1980 z
872 1926 919 1980 sed
930 1927 991 1998 quis
1003 1930 1107 1998 olympo

344 2022 395 2088 635
406 2024 550 2076 Demiffam
562 2040 651 2077 tantos
663 2023 752 2078 voluit
761 2040 787 2076 te
796 2025 865 2076 ferte
874 2025 1001 2079 labores?

400 2124 444 2172 An
455 2121 541 2174 fratris
553 2121 643 2174 miseri
654 2123 757 2174 lethum
764 2134 795 2173 ut
804 2121 908 2173 crudele
919 2119 1045 2174 videres?

398 2219 469 2269 Nam
476 2217 607 2288 quidago?
614 2233 660 2270 aut
667 2211 1125 2287 quaejamspondetfortunasaluteni

400 2314 466 2368 Vidi
478 2317 571 2368 oculos
582 2330 642 2368 ante
652 2315 708 2383 ipse
718 2330 793 2367 meos
803 2330 846 2365 rne
854 2328 926 2367 voce
935 2327 1078 2366 vocantem

400 2413 592 2477 Mutrhanum,
609 2429 663 2484 quo
675 2429 732 2465 non
741 2412 845 2480 superat
855 2409 922 2464 mihi
932 2410 1020 2464 carior
1029 2411 1106 2471 alter,

342 2511 397 2574 640
405 2511 541 2579 Oppetere
551 2510 702 2580 ingentem,
712 2524 790 2578 atque
797 2507 899 2577 ingenti
908 2510 1021 2561 vulnere
1029 2505 1124 2560 vietum·

399 2607 507 2659 Occidit
516 2606 629 2669 infelix,
646 2621 680 2656 ne
690 2604 807 2657 nostruin
817 2604 928 2656 dedecus
938 2604 1025 2658 Ufens

397 2704 534 2773 Aspiceret
544 2723 551 2756 ι
561 2702 659 2755 Teucri
668 2702 808 2770 potiuntur
817 2717 931 2769 corpore
943 2701 971 2754 δι
983 2700 1072 2756 armis.

396 2801 555 2853 Exscindine
565 2803 660 2853 domos
671 2802 681 2867 (
694 2799 721 2851 id
729 2800 806 2852 rebus
817 2798 900 2852 defuit
908 2802 1015 2871 unum)

397 2896 550 2965 Perperiar,
566 2896 657 2951 dextri
670 2912 719 2948 nec
731 2894 844 2949 Drancis
853 2894 923 2949 dieia
932 2898 1072 2952 refellam?

339 3006 390 3071 645
401 2997 487 3065 Terga
494 2997 572 3048 dabo?
581 2997 732 3049 &Turnum
738 2994 883 3064 fugientem
889 2994 946 3046 haec
953 3009 1023 3047 terra
1029 2991 1125 3047 viderie

397 3095 487 3165 Usque
499 3095 600 3149 adeone
606 3093 676 3148 mori
683 3091 869 3148 miserumest?
879 3091 1041 3148 Voscimihi
1048 3093 1125 3146 Manes

1082 3187 1125 3243 Este
