2700 3925
344 407 426 462 200
540 378 888 465 AEnurnon

341 538 479 592 Subsident
487 540 585 594 Teucri
597 560 604 594 :
617 558 722 595 morem
730 540 850 612 ritusque
859 542 992 596 sacrorum

340 634 472 701 Adjiciam
484 654 493 696 3
504 637 651 707 faciamque
663 654 758 691 omnes
766 655 824 691 uno
836 656 884 693 ore
896 641 1013 694 Latinos.

341 730 415 785 Hinc
420 750 518 804 genus,
527 734 649 787 Ausonio
655 735 982 809 mixtumquodsanguine
991 737 1065 807 surget,

342 829 429 897 Supra
438 830 581 895 homines,
596 822 675 899 supra
684 830 809 885 ireDeos
819 834 921 902 pietate
930 832 1041 910 videbitt

288 926 405 990 840Nec
413 943 478 997 gens
486 929 541 980 ulla
549 941 612 981 tuos
621 927 698 997 aequ‘e
707 928 849 982 celebrabit
859 929 990 985 honores.

343 1022 446 1076 Annuit
456 1024 499 1077 his
509 1024 599 1089 luno,
612 1025 640 1077 δι
649 1037 767 1077 mentem
777 1026 867 1078 laetata
879 1026 993 1082 retorfit.

343 1120 449 1173 Interea
456 1122 562 1175 excedit
570 1123 659 1186 coelo,
669 1122 821 1191 nubemque
827 1122 950 1193 reliquit.

382 1216 432 1270 llis
445 1217 509 1271 allis
519 1257 528 1282 ,
539 1219 611 1271 aliud
622 1216 740 1270 Genitor
750 1218 840 1271 secum
850 1218 910 1287 ipse
919 1220 1035 1279 volutant

346 1314 361 1369 J
363 1328 539 1385 uturnamque
548 1328 622 1385 parat
628 1315 717 1367 fratris
726 1314 861 1369 dimittere
870 1317 903 1369 ab
911 1316 1001 1372 armis.

289 1411 340 1477 845
349 1411 484 1469 Dicuntur
495 1411 608 1484 gemina
618 1410 720 1481 pestes,
735 1413 900 1483 cognomine
911 1414 1003 1473 Diraet

345 1512 420 1577 Quas
430 1550 439 1575 ,
456 1512 483 1563 &
493 1524 632 1562 tartaream
641 1511 707 1562 Nox
715 1507 872 1579 intempesta
881 1510 1034 1580 Megaran,

344 1607 410 1658 Uno
419 1606 567 1673 eodemque
577 1603 641 1657 tulit
648 1619 745 1674 partu,
759 1604 918 1675 paribtusque
928 1603 1036 1659 revinxit

344 1701 505 1770 Serpentum
515 1699 612 1769 spiris,
627 1701 805 1769 ventosasque
819 1702 918 1755 addidit
929 1705 991 1757 alas.
1040 1719 1052 1771 ᾗ

345 1800 396 1853 Hae
406 1797 486 1853 lovis
495 1799 528 1851 ad
536 1796 634 1850 solium
642 1798 761 1867 saevique
770 1798 800 1851 in
808 1798 902 1856 limine
912 1798 993 1871 Regis
1015 1794 1032 1867 J

289 1896 507 1966 850Apparent,
521 1910 671 1965 acuuntque
680 1911 783 1949 metum
793 1896 949 1949 mortalibus
961 1895 1047 1968 agric,

346 1994 377 2047 Si
386 1995 491 2064 quando
497 1995 599 2048 lethum
607 1991 764 2046 horrificum
774 1994 935 2062 morbosque
940 1991 1074 2047 Dedmllex

346 2089 481 2154 Molitur,
500 2089 608 2143 meritas
619 2104 665 2142 aut
675 2091 747 2142 bello
758 2088 861 2142 territat
872 2090 961 2145 urbes.
1040 2092 1043 2099 '

345 2187 450 2239 Harum
459 2202 539 2238 unam
549 2187 662 2239 celerem
672 2184 789 2238 demittit
798 2186 829 2237 ab
841 2185 940 2239 aethere
952 2175 1050 2239 summo

346 2282 471 2352 Jupiter,
485 2282 567 2352 inque
582 2299 664 2336 omen
673 2284 791 2338 Jumrnae
802 2299 942 2337 occurrere
951 2281 1027 2350 iussit.

293 2383 324 2448 85
333 2397 343 2450 5
352 2381 403 2434 illa
411 2382 488 2434 volat
498 2420 506 2446 ,
518 2380 651 2450 celerique
662 2382 695 2433 ad
706 2395 803 2434 terram
814 2380 919 2433 turbine
930 2381 1029 2435 fertur:

347 2481 413 2533 Non
423 2481 497 2533 secus
508 2497 539 2532 ac
550 2496 635 2532 nervo
646 2495 695 2548 per
706 2479 803 2532 nubem
815 2477 927 2547 impulsa
939 2478 1044 2549 sagitta,

349 2577 485 2631 Armatam
498 2576 562 2630 saevi
576 2575 686 2629 Parthus
702 2591 782 2644 quam
795 2574 857 2627 felle
865 2574 985 2639 veneni,

347 2668 460 2728 Parthus
469 2674 525 2728 five
538 2674 653 2744 Cydon,
672 2674 756 2724 telum
770 2669 965 2724 immedicabile
977 2671 1064 2733 toric,

351 2772 469 2826 Stridens
482 2810 490 2835 ,
504 2771 530 2822 δι
542 2772 639 2823 celeres
652 2766 788 2836 incognita
799 2765 910 2818 transulit
923 2769 1039 2824 umbras.

295 2868 430 2923 860Talis
442 2868 534 2920 sesana
542 2866 628 2921 Nolle
638 2865 717 2928 tulit,
733 2865 866 2934 terrasque
876 2865 988 2933 petivit.

352 2963 492 3033 Postquam
498 2965 567 3018 acies
572 2964 647 3019 videt
652 2962 759 3025 iliacas,
770 2974 847 3030 atque
854 2961 961 3031 agmina
968 2960 1066 3028 Turni,

351 3062 432 3120 Alitis
441 3061 471 3117 iu
478 3078 567 3134 parve
579 3060 691 3117 subitam
700 3057 810 3117 collecia
820 3055 931 3130 figuram
942 3099 953 3126 2
