2700 3925
506 367 584 449 ¹90
684 337 1033 422 AErvaroos

498 505 558 556 Neu
570 503 629 573 quis
639 505 674 556 ob
686 504 834 573 incoeptum
844 502 960 556 subitum
971 503 1038 557 mihi
1047 502 1135 575 segnior

498 603 599 654 Urbem
609 602 708 665 hodie,
725 602 828 654 causam
839 600 924 665 belli,
939 617 1020 672 regna
1028 601 1084 672 ipsa
1091 603 1135 656 Lat

498 700 534 751 Ni
546 701 656 753 fraenum
665 699 783 767 accipere
794 700 820 751 δι
831 698 898 751 visti
907 698 1000 768 parete
1008 699 1135 762 serentur,

499 797 610 857 Eruam3
622 798 648 849 ἃ
658 815 733 866 aequa
742 798 800 849 solo
809 796 938 850 firmantia
947 797 1063 851 culmina
1070 813 1135 868 pona

444 905 495 957 570
502 893 607 945 Scilicet
618 894 769 962 exspediem
779 934 787 958 ‚
797 895 876 947 libeat
886 896 949 947 dum
957 894 1055 963 proelia
1063 895 1135 948 Turn

497 990 591 1043 Nosira
600 991 673 1059 pati,
690 991 828 1060 rursusque
839 991 908 1043 velit
919 1007 1078 1044 concurrere
1086 989 1135 1046 rin

497 1088 556 1146 Hoc
565 1104 642 1157 caput
655 1129 662 1153 ,
675 1089 693 1143 d
708 1089 781 1143 cives
793 1129 800 1153 ‚
812 1089 868 1142 haec
877 1088 941 1142 belii
951 1090 1053 1142 summa
1062 1089 1135 1144 oesan

495 1187 572 1240 Ferte
582 1187 652 1241 faces
663 1186 778 1256 propere
788 1226 796 1251 ‚
807 1187 946 1256 foedusque
955 1186 1088 1255 reposcite
1096 1185 1135 1240 flat

532 1284 661 1356 Dixerat3
672 1300 750 1354 atque
760 1283 856 1336 animis
868 1284 967 1353 pariter
977 1286 1135 1342 certantibur

442 1392 490 1446 575
501 1381 575 1433 Dant
585 1398 699 1435 cuneum
710 1422 717 1446 ,
728 1381 861 1450 densaque
873 1384 906 1434 ad
916 1398 1009 1436 mutos
1019 1381 1135 1446 moles!

493 1477 575 1528 Scalae
587 1475 738 1544 improviso
749 1516 757 1542 ,
773 1477 923 1547 subitusque
934 1479 1056 1547 apparuit
1064 1479 1135 1550 ignia

492 1572 651 1625 Discurrunt
660 1573 706 1626 alii
716 1576 749 1626 ad
758 1589 867 1643 portas,
878 1574 1036 1645 primosque
1044 1575 1135 1638 trueid

492 1670 600 1724 Ferrum
612 1670 657 1724 alii
666 1685 812 1740 torquent,
826 1672 852 1723 &
862 1672 1021 1727 obumbrant
1032 1674 1128 1728 athera

491 1769 550 1837 Ipse
560 1768 629 1823 inter
640 1770 744 1838 primos
756 1770 876 1820 dextram
887 1768 933 1820 sub
943 1770 1046 1822 moenia
1053 1767 1135 1824 tendit

438 1871 489 1935 580
496 1865 608 1931 AEnem,
621 1866 768 1937 magnique
778 1864 879 1919 incusat
888 1883 958 1920 voce
968 1867 1093 1922 Latinum
1102 1887 1112 1930 a

492 1964 662 2034 Testaturque
674 1966 769 2029 Deos,
782 1963 878 2018 iterum
890 1966 916 2018 se
926 1967 959 2019 ad
969 1965 1132 2039 praeliatori

490 2059 535 2111 Bis
546 2059 599 2125 jam
611 2062 693 2114 Italos
703 2061 790 2114 hostes
801 2101 810 2126 ‚
823 2062 879 2114 haec
888 2064 969 2114 altera
978 2063 1076 2119 foedera
1084 2080 1135 2119 rum

489 2156 616 2208 Exoritur
626 2159 745 2227 trepidos
758 2159 828 2212 inter
839 2159 969 2213 discordia
980 2161 1056 2216 cives
1067 2180 1075 2215 ε

489 2255 590 2308 Urbem
599 2256 645 2308 alii
654 2256 767 2308 reserare
779 2255 890 2322 jubent,
907 2258 933 2309 ὃ(
943 2260 1057 2326 pandere
1066 2270 1135 2328 porta

436 2359 483 2426 585
493 2353 666 2418 Dardanidis,
677 2353 817 2423 ipsumque
828 2355 935 2407 trabunt
942 2355 971 2409 in
977 2356 1135 2429 moeniaRefl

488 2453 569 2503 Arma
580 2452 668 2504 ferunt
679 2452 743 2516 alii,
760 2453 786 2504 δι
797 2466 911 2521 pergunt
921 2454 1060 2508 defendere
1070 2471 1135 2509 mun

486 2550 601 2602 Inclusas
613 2564 642 2602 ut
651 2550 712 2602 cion
723 2551 856 2603 latebroso
866 2552 894 2602 in
903 2551 1009 2618 pumice
1020 2551 1109 2620 pastor

486 2646 637 2717 vestigavit
646 2663 729 2715 apes,
744 2647 873 2716 fumoque
885 2647 1011 2715 implevit
1020 2666 1125 2711 amaroa

485 2744 541 2795 lllae
553 2744 624 2797 intus
634 2743 743 2814 trepidae
754 2761 842 2797 rerum
851 2762 899 2814 per
908 2762 983 2798 cerea
992 2745 1073 2800 castra

432 2860 485 2915 590
493 2840 669 2907 Discurrunt,
682 2841 835 2912 magnisque
848 2857 945 2896 acuunt
954 2842 1135 2897 stridoribuait

486 2936 618 2991 Volvitur
627 2954 683 2992 ater
692 2940 760 2992 odor
769 2937 845 2992 tediis
856 2979 864 3003 ,
879 2952 936 2992 tum
946 2956 1080 2994 murmure
1091 2957 1135 2994 ce<

484 3038 559 3093 Intus
568 3037 631 3092 saxa
640 3037 736 3093 sonant
748 3057 755 3095 r
768 3054 864 3093 vacuas
873 3037 895 3093 it
904 3039 992 3094 fumus
1002 3041 1035 3095 ad
1043 3056 1125 3094 auras.
