2700 3925
333 408 600 538 Lrnsrt
647 409 738 495 IX.
843 403 907 524 ‘69

288 582 377 633 aderat
389 581 513 649 promiffa
522 582 595 645 dies,
609 583 636 635 &
647 596 767 649 tempora
776 580 862 634 Parcae

278 677 443 745 complerant
455 717 463 743 ,
479 680 538 731 cum
550 679 635 731 Turni
645 678 740 744 injuria
752 695 863 732 matrem
900 749 903 754 Ι

276 772 315 825 uir
324 772 403 853 sacris
412 774 510 827 ratibus
520 778 746 844 depelleretaedas.
830 792 831 796 ’

276 870 349 922 mrim
360 886 433 923 nova
442 874 491 923 lux
500 871 585 924 oculis
598 872 720 936 obtulit,
734 873 863 942 &ingens
914 881 967 921 110

276 969 295 1028 b
307 967 412 1020 Aurora
423 970 523 1021 coelum
534 970 707 1021 transcurrere
718 969 822 1022 nimbus
833 1009 841 1033 ,

276 1082 283 1117 ε
292 1064 369 1117 chori
379 1086 386 1119 :
399 1081 456 1117 tum
464 1082 523 1117 vox
533 1066 664 1118 horrenda
673 1082 720 1133 per
731 1083 806 1118 auras

280 1200 288 1226 ‚
300 1162 326 1213 ἃ
334 1163 437 1215 Troum
447 1163 658 1231 Rutulorumque
665 1162 893 1231 agminacomplet
905 1183 913 1215 t
926 1217 930 1222 ,

276 1260 351 1312 »idate
363 1276 434 1313 meas
445 1300 453 1324 ‚
464 1260 579 1325 Teucri,
591 1260 728 1312 defendere
739 1277 820 1312 naves
831 1298 839 1323 ‚

276 1371 357 1408 emate
370 1374 462 1409 manus
475 1375 482 1409 ε
494 1356 577 1410 maria
588 1355 650 1409 ant'e
661 1374 772 1409 exurere
785 1357 878 1408 Turno
917 1367 965 1419 115

276 1454 352 1506 'acras
363 1454 465 1505 dabitur
475 1453 564 1521 pinus.
576 1455 637 1505 Vos
648 1454 685 1505 ite
695 1453 804 1516 solutae,
819 1493 820 1496 ,
854 1503 857 1508 .

276 1568 307 1603 τε
317 1549 404 1620 pelagi
417 1568 425 1609 ;
438 1551 554 1620 genitrix
565 1550 646 1616 jubet.
658 1550 690 1600 Et
701 1550 745 1601 sua
756 1563 866 1617 quaeque

276 1645 311 1699 ιιὸ
320 1663 424 1715 puppes
434 1647 591 1714 abrumpunt
599 1645 707 1698 vincula
716 1646 796 1713 ripis3

276 1760 394 1813 numque
407 1745 488 1795 modo
501 1743 622 1796 demerfis
634 1760 741 1811 aequora
752 1740 842 1794 rostris

276 1856 341 1895 tunt.
353 1840 424 1893 Hinc
434 1841 562 1910 virginee
572 1843 584 1910 (
596 1841 714 1893 mirabile
724 1837 892 1904 monstrum)
920 1856 972 1894 120

276 1954 295 1992 rt
304 1940 331 1993 se
343 1939 455 1992 totidem
463 1939 542 1993 facies
555 1980 563 2004 ‚
580 1953 719 2008 pontoque
729 1938 868 2002 feruntur,

276 2037 331 2090 titis
341 2051 426 2089 aeratae
435 2036 557 2089 steterant
566 2038 598 2089 ad
608 2037 700 2088 littora
711 2053 808 2104 prorae.

276 2152 340 2186 uere
351 2133 447 2186 animis
459 2133 550 2186 Rutuli
562 2151 568 2185 ε
581 2132 741 2185 conterritus
754 2132 808 2200 ipse

276 2230 297 2283 is
308 2228 442 2298 Messapus
454 2230 530 2298 equis
541 2249 548 2283 ς
560 2228 696 2281 cunstatur
710 2230 736 2280 &
748 2227 832 2280 amnis

276 2327 376 2389 Tonans,
384 2340 544 2394 revocatque
550 2327 645 2393 pedem
651 2324 802 2394 Tyberinus
809 2326 839 2377 ab
847 2327 911 2380 alto.
922 2343 969 2396 125

276 2467 279 2474 r
289 2423 381 2477 audaci
393 2422 463 2475 cellit
474 2422 569 2495 liducia
579 2425 682 2475 Turno.

276 2523 373 2573 mimos
385 2519 458 2571 tollit
469 2518 563 2582 diuis,
579 2532 657 2586 atque
667 2518 785 2587 increpat
794 2520 880 2574 ultro:

276 2635 346 2675 tanos
358 2618 413 2669 haec
424 2614 538 2668 monstra
547 2630 641 2684 petunt
653 2635 659 2669 :
670 2616 712 2668 ltis
722 2616 825 2685 Jupiter
835 2617 891 2684 ipse

276 2731 315 2766 rm
326 2712 435 2765 solitum
446 2712 544 2780 eripuit
556 2731 562 2763 :
576 2729 632 2764 non
641 2713 711 2776 tela,
728 2730 777 2765 nec
788 2714 863 2782 ignes

276 2810 335 2863 lant
344 2811 468 2862 Rutulos.
479 2811 548 2879 Ergo
560 2809 642 2861 maria
655 2809 729 2862 invia
741 2810 869 2874 Teucris,
922 2826 974 2880 130

276 2924 301 2959 es
310 2909 363 2959 ulla
373 2907 440 2977 fugae
452 2925 459 2958 ε
469 2924 556 2989 rerum
565 2924 625 2975 pars
635 2909 715 2958 altera
725 2908 846 2976 adempta
855 2908 907 2970 est·,

276 3019 357 3057 tutem
366 3003 395 3055 in
404 3000 524 3056 manibus
534 3001 628 3054 nostris
641 3022 647 3056 :
660 3017 702 3055 tot
714 3003 797 3068 millia
808 3022 899 3076 gentes

276 3101 356 3155 serunt
366 3104 447 3160 Itale.
459 3101 505 3155 Nil
517 3116 560 3154 me
571 3100 658 3156 fatalia
668 3114 782 3166 terrent,
