2700 3925
453 453 709 540 Lruru
760 448 905 535 VIII.
969 478 1037 562 49,

272 623 349 677 Artis
359 620 474 691 ,opisrpue
485 636 536 673 tuae
548 639 556 679 ·,
567 636 615 671 nec
625 634 651 671 te
662 658 669 681 ,
681 616 806 670 carissime
817 615 934 682 conjux,

272 717 441 773 lncaffumve
456 734 520 771 tuos
531 715 609 768 volui
618 732 741 767 exercete
751 716 853 766 labores
865 732 873 774 3

271 795 409 884 Quamvis
421 815 448 866 &
458 811 559 865 Priami
568 813 689 865 deberem
698 811 811 881 plurima
823 810 908 875 natis,

277 915 308 965 lit
320 914 417 965 durum
430 909 524 962 AEneae
536 906 665 962 fleviffem
677 909 744 978 saepe
754 899 881 961 laborem.
1033 909 1082 970 380

279 1012 374 1073 Nunc,
390 1007 471 1062 lovis
487 1004 626 1074 imperiis,
642 1007 805 1059 Rutulorum
816 1003 934 1058 constitit
944 1003 998 1055 oris
1011 1024 1017 1054 ι

280 1106 349 1176 Ergo
362 1106 456 1157 eadem
463 1104 577 1171 supplex
585 1102 684 1164 venio,
698 1103 724 1155 &
734 1102 850 1154 faustum
858 1101 924 1154 mihi
931 1119 1030 1153 numen

285 1205 365 1253 Arma
376 1203 445 1271 rogo
459 1240 467 1264 ,
480 1199 598 1269 genitrix
608 1214 681 1252 nato.
693 1199 732 1251 Te
744 1197 799 1250 filia
811 1198 912 1271 Nerei,

255 1332 260 1339 -
288 1299 327 1351 Te
336 1298 424 1367 potuit
434 1294 562 1366 lacrymis
572 1294 699 1347 Tithonia
709 1293 813 1347 flestere
824 1293 933 1361 conjux.

287 1396 382 1465 Aspice
391 1396 439 1465 qui
448 1393 546 1447 coeant
557 1371 650 1462 populi
663 1432 670 1457 ,
684 1410 742 1462 quae
752 1392 852 1445 moenia
863 1392 953 1446 claufis
1037 1398 1084 1461 335

244 1485 246 1490 ’
289 1496 396 1547 Ferrum
407 1488 1032 1560 acuantportisinme,excidiumquemeorum.

322 1592 439 1644 Dixerat
452 1628 459 1653 ,
477 1590 503 1641 ἃ
515 1586 603 1639 niveis
614 1586 676 1639 hinc
688 1602 766 1656 atque
775 1586 837 1641 hinc
846 1588 918 1641 Diva
930 1590 1033 1641 lacertis

293 1688 466 1740 Ctmliantem
478 1688 603 1753 amplexu
614 1684 692 1738 molli
701 1686 777 1739 fovet
788 1706 794 1738 :
807 1686 852 1739 ille
864 1686 972 1754 repent'e

293 1785 401 1853 Accepit
414 1784 525 1835 solitam
532 1782 665 1835 flammam
676 1823 683 1846 ,
696 1784 826 1851 notusque
836 1786 963 1837 medullas

294 1881 405 1933 intravit
417 1883 509 1944 calor,
523 1881 549 1933 &
557 1881 681 1934 labefaCia
690 1899 738 1949 per
750 1880 804 1934 oss'u
816 1883 946 1935 cucurritt
1044 1899 1095 1951 35¹0

295 1981 355 2032 Non
367 1981 442 2032 secus
452 1994 531 2048 atque
543 1978 610 2031 olim
621 1979 724 2032 tonitru
735 1980 795 2032 uim
805 1996 882 2049 rupta
891 1983 1002 2036 corusco

229 2056 234 2097 ²
296 2078 372 2148 Ignea
383 2078 450 2130 rima
460 2076 560 2128 micans
566 2077 695 2145 percurrit
704 2079 804 2131 lumine
815 2080 930 2134 nimbos.

230 2158 238 2225 :'
299 2177 380 2228 Sensrt
392 2178 452 2228 laeta
464 2174 552 2247 dolis,
565 2175 591 2226 δι
599 2175 692 2228 formae
703 2176 807 2228 conscia
817 2177 925 2243 conjux.

300 2273 367 2324 Tum
377 2287 452 2341 patet
461 2286 562 2325 aeterno
572 2272 640 2324 fatur
649 2272 787 2326 devinelus
800 2291 890 2328 amore
900 2296 907 2329 ι

302 2370 371 2434 Quid
380 2369 469 2422 causas
481 2369 551 2438 petis
562 2385 598 2420 ex
609 2367 790 2422 alrotfiducia
800 2369 871 2423 cellit
1046 2389 1094 2442 305

309 2466 369 2531 Quo
379 2467 427 2519 tihi
441 2507 448 2530 ,
464 2468 538 2519 Diva
549 2507 556 2530 ,
567 2466 640 2520 mei?
653 2467 745 2520 fimilis
757 2468 776 2519 fi
789 2485 850 2542 cura
861 2468 946 2524 fuiffet
957 2510 964 2535 ,

304 2560 370 2616 Tum
383 2581 491 2633 quoque
500 2565 538 2617 fas
550 2562 627 2615 nobis
636 2565 755 2616 Teucros
766 2583 866 2618 armare
876 2566 971 2620 suiliet.

306 2661 356 2713 Nec
369 2661 444 2713 Pater
456 2660 629 2729 omnipotens
641 2660 768 2725 Troiam,
786 2680 834 2715 nec
843 2665 895 2716 fata
904 2666 1028 2717 vetabant

229 2748 259 2833 ἦ
310 2757 757 2825 Stare‚decemquealiosl’riamum
765 2761 892 2829 superesse
899 2779 1046 2830 perannos.

311 2854 425 2921 Etnunc‚
438 2856 565 2908 fibellare
577 2871 672 2923 paras,
687 2871 764 2926 atque
776 2859 832 2909 haec
841 2858 889 2911 tibi
896 2877 970 2912 mens
978 2859 1028 2924 est,
1050 2879 1104 2928 400

315 2951 441 3022 Quicquid
449 2952 478 3004 in
490 2966 545 3003 arte
556 2941 614 3003 mea
625 2950 728 3019 polium
740 2955 896 3022 promittere
906 2974 974 3010 curae
985 2997 992 3021 ‚

315 3046 388 3111 Quod
400 3048 457 3102 fieri
467 3049 539 3102 ferro
552 3087 560 3111 ‚
575 3047 714 3116 liquidove
726 3050 811 3118 potest
822 3053 920 3106 elestro
932 3094 939 3118 ‚

255 3215 258 3220 ι
318 3144 444 3209 Quantum
455 3146 532 3216 ignes
545 3145 691 3216 animaeque
703 3149 807 3202 valent:
823 3150 909 3203 absiste
919 3154 1050 3219 precando

235 3230 266 3251 '⁵‘
384 3243 467 3295 Tomos
487 3243 502 3295 I
508 3242 532 3295 I.
850 3292 855 3310 ,
916 3251 937 3300 G
