2700 3925
330 444 863 539 ‚Surrarmrnwm
926 476 1002 561 275

257 611 417 673 Extollunt,
431 611 457 661 δι
466 627 530 663 vera
538 625 636 663 canunt
644 613 778 681 praeconia
786 630 879 667 voces.

257 710 301 761 Te
312 711 434 776 gravium
443 708 593 759 veneranda
603 723 707 776 patrum
717 747 725 772 ‚
736 709 907 777 consultaque
917 709 1011 774 turba,

257 804 430 871 Invalidique
442 818 519 856 aetate
529 804 605 857 senes
618 824 625 857 ι
638 819 665 857 te
674 807 735 858 laeta
745 803 890 870 juventus,

258 901 295 953 Et
305 901 406 969 cupidae
416 915 513 954 matres
524 941 532 966 ,
544 901 635 970 pueri,
646 902 819 971 innuptaque
826 903 920 971 puellae

261 998 497 1067 Unanimesaequo
509 1016 556 1051 ore
565 1001 663 1052 volunt
673 1038 682 1063 ,
694 1000 867 1067 Turnumque
876 1000 923 1051 sub
932 996 1012 1051 armis

265 1096 407 1149 Exsultant
416 1095 535 1150 cecidiffe
547 1096 600 1148 tuis
613 1116 620 1149 ε
631 1111 658 1148 te
667 1110 726 1149 tota
737 1111 858 1165 precatur

262 1191 398 1256 Ausonia,
410 1192 437 1244 ὅ(
446 1192 523 1246 claris
533 1192 699 1261 prestantem
710 1193 829 1246 laudibus
840 1191 929 1249 effert.

261 1290 333 1342 Inte
343 1306 426 1341 unum
435 1289 557 1341 convenii
566 1290 657 1343 oculi:
669 1267 744 1357 pater
754 1289 809 1358 ipse
818 1289 929 1343 Latinus

264 1388 326 1442 Jam
336 1388 425 1442 senior
433 1388 490 1440 sola
498 1389 556 1446 haec
565 1390 696 1457 longaevae
706 1403 814 1439 munera
823 1386 887 1439 vitae
897 1424 905 1449 ‚
924 1426 927 1433 .

265 1483 325 1550 Qui
336 1499 440 1553 gnatam
451 1483 500 1536 tibi
509 1482 616 1554 iungat,
627 1484 706 1535 habet
718 1502 725 1535 ι
739 1483 880 1552 generique
892 1493 1007 1551 nepotes

265 1580 402 1646 Troianos
412 1583 480 1633 Italo
492 1580 616 1633 admistos
629 1580 658 1632 in
668 1580 754 1632 secula
764 1580 861 1633 mittat.

264 1678 338 1747 Ergo
352 1694 415 1747 age,
430 1693 524 1746 magne
533 1677 599 1729 veni
608 1677 774 1730 Teucrorum
783 1675 890 1740 dudm,
901 1676 928 1729 ἃ
939 1678 1010 1730 altos

265 1773 1019 1845 ingredere&celebrescape‚quosspondemus,honotcs.

269 1872 404 1925 Finierat:
415 1870 554 1938 cunuique
566 1871 657 1922 eadem
668 1869 743 1921 fimul
756 1886 803 1922 ore
813 1870 971 1925 fremebant.

269 1972 348 2038 Quos
360 1971 420 2039 pius
433 1968 532 2021 AEneas
544 1967 622 2019 hilari
632 1984 692 2018 cum
702 1968 789 2020 fronte
800 1982 922 2036 receptos

269 2068 441 2136 Prosequitur
451 2066 555 2135 paucis,
569 2066 595 2117 δι
606 2065 693 2117 arnico
705 2065 812 2132 pectore
822 2061 907 2119 fatur:

308 2167 366 2218 Nec
380 2181 432 2216 vos
442 2201 452 2228 ,
465 2178 514 2214 nec
525 2161 626 2230 placida
636 2161 745 2213 solitum
756 2162 802 2214 sub
811 2179 875 2231 pace
884 2162 1009 2216 Latinum

271 2263 411 2335 Arguerim
423 2280 429 2313 ε
442 2260 537 2312 verum
549 2257 635 2311 infesti
644 2258 775 2310 violentia
784 2258 869 2310 Turni

272 2363 389 2413 Tantum
396 2376 464 2427 opus
473 2357 554 2423 (haud
560 2355 652 2422 dubio)
661 2356 760 2408 &tanti
768 2355 916 2409 discrimina
922 2356 1021 2410 Martis

274 2457 403 2511 Concivit
415 2494 423 2519 ,
433 2454 559 2522 iuvenilis
569 2455 641 2506 enim
652 2456 712 2521 plus
722 2453 805 2506 laudis
817 2471 908 2506 amore
918 2472 926 2506 ι

273 2553 411 2624 Quicquid
421 2554 448 2606 id
456 2552 603 2611 est.tamen
611 2546 723 2603 Ausonii
733 2550 771 2602 nil
781 2550 854 2619 pasta
864 2552 957 2604 recuso

273 2651 433 2715 connubia,
446 2651 472 2702 δι
482 2647 595 2701 sanciam
608 2662 708 2699 aetetno
721 2663 781 2698 cum
791 2647 890 2699 foedere
901 2663 995 2717 pacem

273 2753 398 2821 Iungere.
408 2746 564 2800 Rexidem
558 2745 715 2812 imperium
726 2745 912 2798 &veneranda
921 2743 1024 2798 tenebit

274 2850 382 2916 Sceptra
392 2846 466 2897 socer
476 2816 660 2925 statuamque
669 2857 723 2893 mei
715 2841 799 2893 nulii
808 2841 1022 2910 moeniaTeucti,

274 2947 309 2999 Et
320 2960 420 2998 nomen
432 2956 499 2995 natae
510 2939 583 2994 urbis
594 2939 645 2993 erit
652 2939 808 3009 ‚sociosque
821 2940 930 2995 Penates

276 3042 407 3109 Adjiciam
417 3061 424 3094 ε
436 3057 488 3093 vos
501 3054 656 3093 communes
666 3036 696 3089 in
706 3037 791 3089 secula
800 3039 887 3106 leges,

279 3139 482 3211 Concordesque
494 3136 596 3211 ingenti
608 3134 700 3190 animo
711 3134 823 3191 mittetis
834 3151 951 3198 amores,
