2700 3925
407 634 464 707 74
607 597 969 696 AENE'rnos·

407 771 479 824 Mox
487 772 530 824 hic
540 788 600 825 cum
609 774 837 847 spoliis,ingenti
846 751 917 830 caede
929 773 1047 845 petasii,
1111 803 1119 816 *-

406 866 499 922 Affore
511 870 634 925 cernetis.
645 873 702 925 Nec
714 890 765 927 nos
775 873 822 927 via
831 874 899 927 fallit
911 888 1022 927 euntes:

406 965 533 1019 Vidimus
546 968 664 1021 obscuris
676 969 790 1037 primam
803 970 850 1024 sub
858 972 973 1024 vallibus
982 971 1070 1023 urbem

242 1063 251 1092 ³
351 1048 402 1113 '²45
413 1065 521 1118 Venatu
530 1063 650 1130 assiduo,
667 1066 695 1119 δι
705 1080 795 1120 totum
804 1067 984 1137 cognovimus
994 1082 1100 1121 amnem.

444 1163 496 1215 Hic
505 1162 581 1216 annis
593 1163 683 1233 gravis
695 1178 774 1233 atque
787 1163 869 1217 animi
882 1180 1001 1218 maturus
1012 1164 1120 1216 Alethes:

353 1321 358 1336 Ι
406 1260 456 1313 Dii
467 1260 564 1329 patrii,
581 1278 697 1329 quorum
710 1262 812 1330 semper
827 1262 874 1314 sub
889 1262 1000 1315 numine
1009 1260 1088 1328 Troia
1095 1257 1133 1319 esi,

407 1359 471 1409 Non
479 1373 568 1411 tamen
578 1359 692 1411 omnino
704 1361 823 1413 Teucros
833 1362 920 1413 delere
932 1360 1045 1429 paratis,

409 1455 477 1508 Ctim
489 1458 554 1509 tales
567 1455 672 1508 animos
684 1454 831 1522 juvenum,
850 1456 940 1509 &tam
952 1471 1023 1508 certa
1032 1453 1115 1509 tulistis

352 1552 530 1612 zsopeuora.
538 1554 582 1607 Sic
588 1554 1045 1623 memorans,humeros,dextrasque
1052 1553 1133 1607 tenebat

407 1651 555 1702 Amborum
568 1691 576 1715 ‚
593 1651 621 1703 ἃ
638 1652 746 1704 vultum
759 1651 884 1722 lacrymis
896 1666 977 1721 atque
989 1669 1036 1705 ora
1047 1652 1133 1722 rigabat.

408 1747 475 1812 Quae
487 1748 567 1800 vobis
578 1787 586 1812 ,
598 1765 657 1817 quae
667 1748 747 1818 digna
759 1787 766 1813 ,
778 1747 849 1811 viri,
860 1765 911 1816 pro
923 1748 1021 1801 talibus
1034 1749 1110 1810 ausis,

406 1842 518 1896 Praemia
528 1843 602 1912 posse
614 1861 672 1897 rear
684 1843 778 1897 solvi?
790 1844 970 1912 pulcherrima
978 1844 1092 1914 primum

407 1940 456 1994 Dii
471 1940 612 2011 moresque
625 1941 723 1994 dabunt
735 1939 816 1993 vestri
828 1960 834 1994 :
848 1955 905 1993 tum
915 1956 1003 1995 cetera
1013 1944 1098 1997 reddet

354 2047 385 2098 25
394 2047 403 2096 5
414 2038 539 2112 Adiutitm
549 2039 610 2107 pius
619 2037 733 2101 Encas,
744 2052 822 2106 atque
833 2035 935 2106 integer
945 2039 999 2092 aevi

409 2136 536 2188 Ascanius
548 2174 556 2202 ‚
570 2134 658 2186 meriti
670 2135 737 2186 tanti
749 2150 806 2185 non
816 2134 960 2187 immemor
971 2153 1104 2205 umquam.

446 2235 534 2284 Immo
546 2249 597 2301 ego
611 2249 664 2284 vos
675 2271 683 2296 ‚
694 2232 738 2284 cui
749 2233 805 2284 sola
817 2233 886 2285 salus
897 2233 1021 2302 genitore
1031 2231 1127 2288 sedada

409 2328 518 2396 Excipit
528 2329 669 2394 Ascanius,
684 2346 732 2398 per
743 2347 870 2401 magnos,
882 2329 961 2394 Nise,
972 2330 1099 2394 Penates,

411 2424 576 2494 Assaracique
586 2427 694 2491 Larem,
706 2427 732 2480 ἃ
744 2444 815 2480 canae
825 2426 970 2496 penetralia
983 2427 1084 2489 Vesta,

247 2541 249 2545 ’
356 2522 409 2574 260
417 2521 560 2582 Obtestor·,
573 2539 747 2591 quacumque
757 2522 824 2575 mihi
832 2523 939 2576 fortuna
950 2521 1089 2594 ‚fidesque
1099 2518 1128 2575 est

410 2622 443 2672 In
454 2619 547 2673 vestris
557 2636 631 2688 pono
641 2620 750 2690 gremiis
762 2640 768 2674 :
781 2636 905 2676 revocate
914 2634 1067 2687 parentem,

412 2717 523 2771 Reddite
532 2716 720 2785 conspesium3
734 2715 800 2767 nihil
810 2715 858 2766 illo
869 2713 939 2766 triste
952 2715 1071 2784 recept'o.

411 2816 479 2868 Bina
489 2816 556 2867 dabo
569 2829 679 2884 argento
689 2811 804 2881 perfesia
816 2824 894 2878 atque
906 2811 996 2878 aspera
1005 2812 1083 2883 signis

412 2913 529 2976 Pocula,
542 2910 646 2964 devisid
658 2900 763 2980 genitor
775 2925 833 2975 quae
843 2907 914 2976 cepit
923 2907 1034 2970 Arisba,

359 3015 408 3080 265
419 3011 450 3061 Et
462 3009 579 3077 tripodas
589 3006 728 3077 geminos,
741 3003 797 3055 auri
809 3005 863 3059 duo
875 3021 970 3074 magna
981 3008 1087 3070 talenta,

414 3109 521 3158 Cratera
532 3104 670 3174 antiquum
681 3140 689 3168 ,
701 3116 781 3170 quem
791 3101 834 3152 dat
843 3101 952 3182 Sidonia
963 3102 1047 3157 Dido.

412 3202 441 3253 Si
453 3199 519 3254 verd
531 3217 623 3269 capere
634 3199 755 3264 Italiam,
772 3197 932 3268 sceptrisque
941 3198 1025 3268 potiri

413 3296 564 3371 contigerit
575 3295 675 3351 visiori
686 3335 694 3362 ,
712 3296 841 3378 &prada
853 3299 947 3351 ducere
958 3297 1074 3356 sottemt

264 3548 389 3670 ἱ
