2700 3925
265 405 932 484 κώθωνι-πῃπῇ»

307 573 518 675 mnan
565 602 817 672 Nouus.

265 787 340 836 aqu
349 788 367 827 Ε
377 791 409 826 ea
420 774 526 827 diversis
531 774 637 843 penitus
644 775 706 825 dunt
712 788 786 841 parte
792 789 933 842 geruntur,

265 872 293 924 de
302 872 376 923 coelo
386 870 456 922 misit
467 872 589 925 Saturnia
600 873 614 926 J
616 889 671 924 uno

265 985 318 1022 :em
330 971 364 1022 ad
373 970 504 1022 Turnum.
518 970 592 1023 Luco
603 985 660 1022 curn
671 969 741 1023 sorte
753 969 870 1039 parentis

266 1067 302 1118 tui
311 1067 419 1120 Turnus
430 1067 526 1120 sacrati
537 1068 607 1120 valle
618 1068 729 1120 sedebat.

266 1179 315 1216 tem
327 1164 362 1216 sic
375 1164 453 1216 roseo
463 1163 650 1216 Thaumantias
661 1182 708 1215 ore
718 1165 806 1215 locuta
816 1162 866 1216 est:
956 1177 966 1228 ς

266 1275 294 1324 e,
307 1261 381 1330 quod
391 1259 495 1327 optanti
505 1259 608 1312 Divdm
618 1259 774 1327 promittere
787 1276 867 1312 nemo

266 1369 318 1422 ret,
331 1357 470 1410 volvenda
482 1355 537 1408 dies
552 1372 587 1409 en
598 1357 686 1408 attulit
697 1358 779 1411 ultro.

266 1469 281 1506 s
292 1491 300 1518 ,
312 1454 378 1507 urbe
389 1453 415 1505 δι
426 1452 505 1508 sociis
517 1453 543 1505 δι
553 1452 749 1517 daffeselieid,

266 1567 291 1604 ta
303 1547 417 1602 Palatini
428 1549 568 1618 sedemque
579 1548 676 1618 petivit
685 1549 809 1604 Evandri.

266 1647 326 1702 itis:
343 1663 476 1702 extremas
491 1648 605 1718 Corythi
614 1648 764 1718 penetravit
774 1651 805 1702 ad
814 1650 909 1714 urbes,
950 1667 984 1706 ιο

266 1761 374 1816 nemque
384 1762 502 1808 manunt,
514 1745 640 1798 collectos
650 1761 734 1799 armat
743 1746 862 1815 agrestes.

266 1843 365 1896 dubitas
372 1844 383 1896 i
390 1858 460 1895 nunc
467 1856 571 1911 tempus
578 1860 661 1912 equos
670 1883 677 1908 ‚
686 1843 869 1910 nuncposcere
877 1860 966 1895 currus
976 1860 983 1895 ε

266 1957 287 1995 ιε
297 1955 387 1995 moras
397 1955 510 2004 omnes,
523 1940 550 1993 dt
559 1942 660 1994 turbata
669 1939 755 2010 arripe
765 1939 854 1995 casira.

271 2076 279 2103 ,
293 2038 321 2091 &
332 2036 363 2091 in
374 2039 474 2091 coelum
484 2038 589 2106 paribus
601 2040 627 2091 se
641 2036 742 2091 sustulit
753 2038 816 2101 alis,

266 2150 374 2203 temque
386 2133 448 2205 fugi
460 2134 543 2187 secuit
557 2136 602 2187 sub
615 2135 725 2188 nubibus
737 2153 835 2189 arcum.
949 2142 979 2194 15

266 2230 302 2287 tit
311 2230 419 2299 juvenis
430 2270 438 2295 ‚
451 2232 618 2301 duplicesque
630 2233 662 2283 ad
673 2231 754 2284 sidera
764 2233 864 2300 palmas

267 2328 308 2393 it,
325 2345 355 2382 ac
366 2328 413 2382 tali
425 2328 569 2398 fugientem
579 2327 616 2381 est
624 2346 693 2382 voce
704 2330 806 2384 secutus
818 2346 826 2382 ι

266 2444 327 2483 ecus
338 2426 401 2479 coeli
412 2466 420 2489 ,
433 2426 492 2495 quis
502 2440 528 2478 te
537 2425 604 2479 mihi
613 2426 723 2477 nubibus
734 2425 818 2477 asiam

267 2524 287 2577 it
297 2524 327 2578 in
335 2539 417 2576 terras
429 2525 439 2575 .>
452 2524 528 2575 Unde
538 2523 593 2575 haec
605 2537 659 2574 tam
670 2524 739 2575 clara
748 2519 857 2590 repent'c

267 2619 333 2673 escas
344 2622 355 2673 ἓ
368 2620 489 2673 Medium
500 2620 581 2672 video
593 2608 722 2672 discedere
734 2622 832 2671 coelum
844 2658 851 2681 ,
945 2632 982 2670 ιο

267 2718 352 2787 esque
362 2718 429 2785 polo
440 2714 524 2769 stellas
536 2734 543 2767 :
557 2717 653 2784 sequor
662 2716 752 2768 omina
762 2730 849 2778 tanta,

268 2814 310 2868 uis
320 2814 349 2867 in
361 2830 433 2867 arma
444 2830 536 2866 vocas.
551 2814 583 2866 Et
595 2813 629 2865 sic
638 2810 732 2864 effatus
744 2851 751 2876 ‚
768 2812 905 2866 adundant

267 2910 323 2975 sut,
339 2910 497 2977 summoque
511 2909 594 2961 hausit
603 2911 634 2961 de
648 2909 749 2979 gurgite
761 2909 902 2978 lymphas,

276 3009 352 3061 Deos
363 3023 443 3059 orans
454 3024 462 3065 ·‚
475 3005 649 3073 oneravitque
661 3006 757 3057 aethera
768 3004 851 3073 νοτὶς,

267 3123 327 3178 tque
340 3102 429 3157 omnis
440 3102 539 3173 campis
550 3100 682 3155 exercitus
693 3103 745 3154 ibat
757 3100 854 3172 apertis
866 3141 873 3165 ,
943 3128 974 3184 ²5
