2700 3925
551 1249 2056 1444 PUBLIIVIRGILII‘

655 1551 824 1662 AE
889 1541 1192 1658 NE
1268 1541 1541 1655 ID
1626 1542 1731 1655 Ο
1816 1540 1897 1654 S

731 1743 1108 1816 LIBER
1169 1742 1829 1812 SEPTIMUS.

1944 1925 2007 1963 ..J-

552 2040 700 2161 Τυ
733 2120 952 2175 quoque
981 2100 1253 2156 littoribus
1278 2100 1469 2155 nostris
1496 2140 1511 2165 ‚
1546 2099 1735 2155 AEneia
1766 2102 1947 2155 nutrix
1970 2142 1985 2167 ,

552 2200 806 2257 Enemam
825 2199 1064 2253 moriens
1083 2199 1276 2251 famam
1297 2237 1312 2262 ,
1347 2196 1529 2251 Caieta
1549 2238 1564 2263 .
1590 2198 1771 2253 dedisti
1792 2220 1806 2254 τ

552 2298 600 2351 Et
614 2312 761 2353 nunc
781 2296 958 2351 servat
975 2296 1154 2349 honos
1177 2294 1352 2348 sedem
1376 2309 1497 2348 tuus
1517 2314 1536 2355 ·‚
1560 2294 1771 2367 ofi'aque
1792 2314 1991 2349 nomen

553 2394 794 2465 Hesperia
813 2393 874 2447 in
891 2410 1084 2465 magna
1103 2395 1125 2463 (
1145 2393 1184 2445 fi
1205 2410 1308 2463 qua
1325 2392 1399 2446 est
1418 2410 1480 2445 ea
1498 2393 1669 2463 gloria
1688 2394 1709 2462 )
1731 2394 1951 2467 signant.

608 2492 682 2545 At
701 2490 826 2562 pius
852 2489 1120 2560 exsequiis
1143 2488 1335 2543 AEneas
1366 2489 1467 2542 rite
1491 2489 1678 2543 solutis
1699 2530 1718 2555 ,
2083 2528 2101 2569 5

554 2588 746 2660 Aggere
767 2586 1068 2658 composito
1097 2586 1290 2639 tumuli
1311 2625 1326 2650 ,
1360 2585 1634 2655 postquam
1658 2589 1763 2643 alta
1784 2588 2031 2657 quierunt

554 2684 776 2755 Equora
793 2724 810 2749 ‚
829 2685 1002 2737 tendit
1020 2684 1121 2736 iter
1138 2683 1278 2736 velis
1297 2723 1314 2747 ‚
1333 2700 1657 2753 portumque
1682 2686 1953 2757 relinquit.

554 2782 820 2851 Adspirant
841 2798 981 2835 aurae
999 2779 1058 2833 in
1075 2778 1290 2832 nostem
1311 2799 1327 2839 3
1351 2797 1450 2831 nec
1468 2778 1687 2834 candida
1703 2783 1909 2837 cursum

554 2880 687 2933 Luna
703 2894 861 2951 negat
881 2897 896 2931 ε
918 2878 1156 2947 splendet
1174 2880 1406 2931 tremulo
1426 2877 1517 2931 sub
1536 2877 1737 2933 lumine·
1756 2896 1953 2949 pontus
1973 2902 1988 2936 ε

554 2975 790 3031 Proxima
815 2974 1030 3029 Circaeae
1047 2976 1296 3029 raduntur
1313 2974 1497 3028 littora
1517 2990 1668 3029 terrae
1682 3015 1699 3041 ‚
2074 3008 2093 3045 1
2106 3012 2139 3047 0

554 3074 716 3129 Dives
739 3070 1026 3129 inacceffos
1047 3071 1139 3126 ubi
1161 3071 1302 3127 Solis
1327 3070 1440 3125 filia
1460 3074 1610 3125 lucos

1617 3161 1739 3236 Aij
