2700 3925
314 408 392 505 176
505 398 849 486 AEivaiuos

309 562 368 627 (Ut
376 563 467 631 potitis
477 583 556 631 reor,
571 566 598 619 δι
608 565 700 635 potius
709 566 760 619 Dii
769 565 881 622 numine
890 558 1012 634 firmentl)

308 661 373 711 Non
384 678 435 732 ego
449 703 456 727 ‚
474 680 524 716 nec
540 664 651 717 Teucris
665 665 749 717 Italos
761 661 855 733 parere
864 664 971 731 ¹jubebo,

255 758 369 821 190Nec
384 758 451 811 mihi
463 777 543 831 regna
554 776 627 829 peto.
638 760 748 814 Paribus
758 762 786 815 se
797 762 902 832 legibus
912 764 986 816 ambe

310 855 522 929 Invidaegentes
532 873 629 912 aterna
638 858 667 911 in
677 859 780 913 foedera
790 860 910 915 mittant.

312 955 388 1007 Sacra
397 957 523 1027 Deosque
534 958 619 1009 dabo:
632 956 708 1009 socer
720 973 794 1009 arma
805 958 917 1010 Latinus
925 956 1024 1018 habeto,

311 1051 457 1121 Imperium
466 1053 585 1106 solemne
596 1053 671 1105 socer
683 1072 691 1105 ι
703 1051 772 1105 mihi
780 1054 886 1107 moenia
892 1053 985 1107 Teucri
1074 1033 1076 1042 Ι

313 1148 499 1213 Constituent,
514 1149 625 1218 urbique
639 1149 711 1201 dabit
724 1150 838 1204 Lavinia
849 1168 960 1206 nomeu.

261 1259 308 1310 195
350 1246 393 1300 Sic
405 1247 480 1316 prior
490 1247 598 1301 AEneas.
609 1246 734 1316 Sequitur
743 1247 778 1300 fic
790 1248 887 1302 deinde
899 1249 1017 1313 Latinus,

314 1344 465 1412 suspiciens
477 1348 576 1399 coelum
588 1383 601 1409 ,
612 1344 749 1415 tenditque
761 1347 794 1399 ad
805 1346 889 1399 fidera
901 1350 1027 1400 dextram:

315 1442 380 1495 Haec
392 1445 484 1496 eadem
496 1482 504 1507 ,
518 1442 619 1508 AEnea,
635 1458 752 1508 terram,
768 1460 861 1509 mare,
881 1444 962 1497 sidera
972 1444 1036 1512 juro,

314 1538 476 1607 Latonaeque
488 1556 571 1609 genus
583 1542 701 1610 duplex,
717 1542 731 1596 J
735 1557 870 1611 anumque
881 1541 1032 1603 bifrontem,

315 1634 434 1704 Vimque
447 1636 536 1688 Deum
548 1635 696 1703 infernam,
713 1639 740 1691 dt
751 1638 810 1691 duri
822 1638 934 1692 sacraria
942 1638 1019 1693 Ditis.

262 1744 315 1783 200
322 1733 418 1785 Audiat
428 1733 490 1786 haee
498 1732 614 1787 Genitor
627 1775 635 1800 ,
649 1735 696 1807 qui
707 1736 807 1789 foedera
816 1736 930 1790 fulmine
942 1736 1025 1789 sancit.

318 1832 412 1902 Tango
427 1848 502 1897 aras,
518 1831 672 1902 mediosque
684 1833 778 1904 ignes,
791 1834 819 1885 ὅ(
827 1834 939 1887 numina
948 1833 1033 1887 testor:

316 1931 397 1984 Nulla
411 1929 467 1985 dies
479 1947 571 2000 pacem
580 1930 648 1984 hanc
656 1930 731 1984 Italis
741 1946 790 1983 nec
798 1930 900 1985 foedera
910 1944 1025 2000 rumpet,

318 2029 382 2096 Quo
393 2046 436 2083 res
448 2046 561 2099 cumque
571 2033 682 2090 cadent3
698 2046 747 2082 nec
756 2047 799 2082 me
808 2029 852 2083 vis
861 2032 917 2084 ulla
925 2033 1047 2083 volentem

318 2126 450 2191 Avertet,
466 2144 523 2179 non
536 2166 544 2191 ‚
559 2128 578 2179 si
590 2130 712 2181 tellurem
723 2126 842 2180 effundat
853 2127 884 2179 in
891 2129 973 2180 undas

264 2238 313 2291 205
323 2223 438 2277 Diluvio
453 2223 584 2289 miscens,
600 2227 734 2278 coelumve
750 2224 779 2275 in
793 2237 889 2276 tartara
901 2224 1003 2276 solvat:

319 2323 358 2376 Ut
366 2320 660 2390 sceptrumhoc(dextrd
666 2321 797 2390 sceptrum
803 2319 941 2374 namsottd
947 2312 1050 2391 gerebat)

319 2421 472 2489 Numquam
478 2418 570 2472 stonde
577 2418 633 2470 levi
638 2418 851 2487 sundetvirgulta
858 2434 945 2487 neque
950 2416 1050 2474 umbras,

322 2519 391 2575 Cum
402 2518 482 2570 semel
494 2517 523 2569 in
533 2514 618 2585 sylvis
631 2514 687 2568 imo
700 2516 731 2567 de
744 2513 821 2583 stirpe
834 2514 948 2568 recisum

321 2615 409 2667 Matre
419 2627 490 2666 caret
500 2652 507 2677 ,
519 2610 660 2679 posuitque
670 2627 760 2664 comas
772 2611 798 2662 δι
806 2611 912 2664 brachia
919 2613 990 2668 ferro
1000 2629 1010 2672 t

268 2731 320 2769 210
328 2710 403 2763 Olim
415 2711 491 2762 arbos
503 2747 510 2771 ,
526 2724 595 2760 nunc
605 2706 714 2760 artificis
727 2723 819 2761 manus
829 2725 881 2760 aere
893 2711 993 2762 decoro

322 2806 446 2870 lnclufit,
461 2804 628 2874 patribusque
644 2803 716 2859 dedit
731 2802 829 2873 gestare
838 2803 953 2860 Latinis.

322 2904 431 2958 Talibus
443 2901 513 2956 inter
524 2903 550 2956 se
562 2901 700 2954 firmabant
711 2901 811 2954 foedera
820 2899 896 2954 diuis
908 2941 916 2966 ‚

324 2999 476 3070 Co'nspediu
489 3001 517 3052 in
529 3000 618 3053 medio
628 3015 768 3067 procerum
783 3017 789 3051 :
803 3011 860 3063 tum
869 2997 920 3051 rite
929 2999 1038 3054 sacratas

324 3104 355 3157 ln
370 3101 503 3156 flammam
515 3097 633 3170 jugulant
645 3098 778 3166 pecudes,
791 3097 817 3151 δι
827 3096 931 3153 viscera
938 3097 1013 3153 vivit
