2700 3925
380 436 462 494 210
587 409 923 495 Vrncrrrr

374 566 498 623 Attalicis
509 568 606 639 opibus
616 571 677 623 data
686 570 805 631 velleraa
820 569 842 622 fi
852 568 929 623 nitor
938 567 997 623 auri

376 664 431 718 Sub
441 667 564 736 laqueare
573 666 667 720 domus
679 666 797 720 animum
806 683 864 720 non
872 668 961 737 tangit
969 682 1084 731 avarum.

376 759 541 832 Pisturaeque
551 764 631 817 decus
642 802 651 827 ,
665 763 783 833 lapidum
792 780 844 817 nee
851 764 942 836 fulgor
950 763 1043 819 inulla

324 847 356 914 ⁶5
379 860 511 931 Cogninu
523 859 640 915 utilitate
650 876 758 915 manet:
770 878 820 915 nec
828 864 929 931 poeula
937 877 1042 934 gratum

378 957 490 1012 Alconis
501 959 616 1013 referent
627 998 636 1024 ‚
650 959 784 1030 Roitique
794 973 920 1014 toreuma
931 979 939 1014 r
951 977 1003 1015 nec
1011 958 1065 1015 Indi

379 1057 503 1110 conelrea
512 1058 590 1111 bacca
598 1057 680 1111 maris
691 1058 780 1128 pretio
789 1057 827 1112 est
836 1079 845 1113 z
854 1074 882 1111 at
890 1057 1002 1127 pedore
1010 1072 1073 1128 pute

378 1152 454 1222 Saepe
465 1153 542 1224 super
554 1168 648 1209 tenero
657 1154 799 1225 prosternit
808 1154 930 1225 gramine
940 1171 1053 1224 corpus:

380 1251 486 1305 Florida
494 1251 555 1305 edm
564 1254 643 1306 tellus
653 1291 661 1317 ‚
673 1251 833 1322 gemmantis
843 1250 915 1321 pidia
927 1268 976 1320 per
987 1252 1086 1312 herbas.

325 1352 362 1401 70
379 1350 452 1404 Vere
464 1346 745 1403 notaraucidistinea
755 1345 891 1401 coloribus
901 1364 984 1403 arva:

380 1446 469 1514 Atque
478 1445 555 1502 illurn
565 1448 668 1499 calamo
679 1447 770 1498 letum
781 1444 918 1498 recinente
926 1442 1049 1513 palustri,

381 1539 500 1610 Otiaque
510 1541 612 1593 invidid
621 1543 763 1611 degentem
772 1579 781 1607 ,
791 1558 823 1594 ac
832 1542 924 1595 fraude
932 1539 1051 1604 remoti,

380 1636 582 1706 Pollentemque
594 1636 641 1689 fibi
652 1636 736 1690 viridi
746 1653 807 1691 curn
818 1637 929 1705 palmite
939 1639 1030 1691 lucent

382 1731 463 1786 Vitea
474 1733 619 1803 pampineo
629 1734 718 1787 subter
728 1751 805 1787 corna
816 1736 890 1787 velat
901 1733 1009 1790 amictu

328 1837 360 1887 75
382 1831 426 1885 llli
436 1832 498 1885 sunt
508 1845 588 1903 grata
597 1846 717 1886 rorantes
726 1831 794 1885 ladle
802 1832 929 1899 capella

383 1929 417 1982 Et
427 1945 536 1993 nemus,
549 1928 577 1982 u
585 1929 708 1983 fornmda
716 1928 806 1994 Pales,
817 1929 845 1982 δι
852 1928 968 1982 vallibus
977 1926 1039 1982 imis

384 2027 495 2095 Se'rnper
506 2043 590 2095 opaca
598 2025 681 2080 novis
690 2025 822 2080 manantia
832 2027 952 2080 fontibus
965 2041 1047 2081 anna.

385 2123 454 2191 Quis
466 2123 551 2194 magis
560 2138 654 2192 optato
665 2138 745 2193 queat
753 2122 804 2177 effe
812 2123 918 2178 beatior
926 2142 1004 2191 avo,

386 2219 475 2288 Quint
487 2221 533 2291 qui
543 2237 632 2274 mente
643 2224 737 2295 precul
748 2219 813 2290 purd
824 2220 955 2291 sensuque
966 2219 1094 2292 probando

332 2315 368 2366 80
386 2321 450 2373 Non
462 2319 553 2373 avidas
564 2318 677 2390 agnovit
689 2335 755 2388 opes
767 2320 781 2373 ἓ
792 2334 850 2372 non
860 2318 945 2373 tristia
952 2320 1040 2384 bella,

386 2421 444 2473 Nec
454 2416 555 2473 funesta
564 2416 642 2470 timet
652 2415 748 2468 validae
760 2414 905 2468 certamina
913 2415 1012 2470 claffis:

387 2518 470 2581 Non,
482 2513 576 2586 spoliis
587 2515 650 2565 dum
659 2511 746 2564 sanila
756 2511 846 2564 Dedm
853 2511 1017 2582 fulgentibus
1028 2522 1098 2566 ornet

388 2613 518 2683 Templa,
529 2614 575 2665 vel
584 2609 693 2664 evenus
704 2608 786 2662 finem
798 2609 958 2662 transcendit
968 2609 1097 2675 habendi,

389 2711 535 2765 Adversum
547 2708 625 2762 saevis
636 2710 710 2761 ultro
718 2721 796 2776 caput
804 2707 923 2761 hostibus
934 2708 1029 2766 offert.

335 2807 367 2872 85
389 2807 432 2859 llli
443 2807 508 2860 falce
521 2809 595 2861 Deus
605 2806 719 2870 colitur,
733 2823 789 2858 non
801 2820 856 2860 arte
868 2805 992 2875 politus:

390 2904 438 2954 Ille
449 2903 515 2955 colit
524 2905 598 2957 lucos
611 2922 618 2957 ε
631 2902 672 2956 illi
684 2901 828 2955 Panchaica
837 2903 933 2968 thura,

390 3001 511 3053 Floribus
522 3000 632 3070 agrestes
644 3001 730 3053 herbae
741 2997 907 3053 variantibus
920 3001 1028 3058 adsunt.

391 3095 437 3150 Illi
447 3097 528 3152 dulcis
541 3097 609 3152 adest
620 3096 725 3168 requies
738 3135 748 3163 ,
762 3097 865 3171 &pura
873 3098 1025 3168 voluptas,
