2700 3925
366 463 393 534 4
563 433 903 521 AEuaroos

364 597 471 651 Assiduo
483 599 588 653 resonat
599 577 695 665 cautu,
710 600 838 671 cedisque
848 602 965 671 superbis

363 695 427 750 Urit
436 699 575 772 odoratam
581 698 715 776 Ιιιοᾶιιτιιει
725 698 753 752 in
764 700 865 753 lumina
875 704 1000 766 cedrum,

363 796 467 867 Arguto
477 797 571 851 tenues
581 814 738 865 percurrens
747 798 852 867 peuine
862 802 937 853 telas.

310 901 340 955 15
365 894 433 948 Hinc
447 895 567 949 exaudiri
581 898 714 967 gemitus,
732 896 830 967 iraeque
842 899 953 950 leonum

364 993 462 1046 Vincla
472 995 638 1047 recusantum
651 996 678 1047 δι
687 994 743 1047 sera
752 995 797 1047 suh
809 994 888 1048 node
898 996 1055 1057 rudentum,

363 1088 602 1161 setigeriquesues
612 1130 620 1157 ,
632 1090 750 1164 atquein
761 1091 920 1166 praesepibus
930 1090 980 1144 ursr

326 1232 336 1252 ‚
363 1188 464 1241 Saevire
475 1228 483 1253 ‚
499 1193 537 1242 ac'
544 1190 637 1244 sormae
646 1205 804 1260 magnorum
813 1192 913 1254 ululare
922 1192 1047 1258 luporum
1058 1207 1066 1249 3

349 1280 704 1352 'Quoshominumexsacie
713 1288 771 1339 Dea
781 1287 850 1340 sava
859 1286 1012 1356 potentibus
1021 1284 1106 1339 herbis
1126 1326 1129 1334 ,

309 1394 343 1431 20
361 1377 485 1438 suduera't
494 1384 577 1437 'Circe
589 1384 618 1435 in
628 1387 719 1436 vultus
732 1399 761 1435 ac
773 1397 845 1453 terga
856 1378 981 1438 ferarum.

364 1483 432 1549 Quae
443 1498 478 1534 ne
489 1480 604 1533 monstra
613 1481 652 1549 pii
662 1495 813 1549 paterentur
822 1481 885 1532 talia
897 1482 983 1534 Troes

363 1577 456 1631 Delati
465 1577 494 1629 in
503 1592 596 1645 portus
609 1617 617 1642 ‚
628 1595 681 1630 neu
692 1578 783 1631 littora
796 1578 851 1630 dira
866 1578 1001 1638 subirent·‚

363 1676 505 1743 Neptunus
514 1675 604 1728 ventis
616 1674 740 1743 implevit
751 1677 810 1729 vela
823 1651 941 1728 secundis
953 1715 961 1738 ‚

364 1773 452 1842 Atque
463 1772 553 1843 fugam
562 1773 633 1825 dedit
643 1813 650 1836 ‚
662 1774 689 1825 ὃ(
698 1787 793 1840 prater
801 1773 868 1824 vada
879 1771 979 1824 fervida
988 1769 1074 1823 vexit.

230 1845 237 1860 ⁸
291 1847 294 1854 ἱ
309 1880 341 1933 25
400 1870 512 1939 Jamque
523 1870 673 1922 rubescebat
681 1868 760 1921 radiis
767 1885 856 1931 mare,
871 1867 1001 1919 &aethere
1013 1867 1043 1919 ab
1055 1867 1107 1918 alto

364 1967 468 2020 Aurora
480 1966 509 2018 in
520 1966 604 2020 roseis
615 1967 732 2036 fulgebat
742 1968 814 2019 lutea
824 1965 909 2035 bigis·,

366 2065 435 2118 Cum
445 2063 522 2117 venti
532 2063 644 2133 posuere
655 2102 663 2127 ‚
676 2035 816 2131 omnisque
831 2059 940 2131 repent'e
952 2062 1047 2114 resedit

364 2162 453 2214 Flarus
465 2200 473 2225 ‚
487 2161 514 2214 δι
525 2160 555 2212 in
565 2163 640 2213 lento
652 2158 784 2212 ludantur
798 2174 931 2211 marmore
943 2159 1038 2212 tonsae.

358 2259 453 2328 'Atque
464 2258 508 2310 hic
518 2257 614 2311 AEueas
627 2255 764 2325 ingentem
773 2270 808 2306 ex
819 2269 926 2322 aequore
938 2255 1030 2306 lucum

312 2366 345 2424 30
363 2348 495 2424 Prospicit
507 2373 514 2408 ε
527 2353 598 2406 hunc
607 2352 677 2404 inter
689 2350 775 2404 fluvio
785 2348 937 2418 Tyberinus
948 2367 1072 2414 amoeno,

315 2436 340 2505 ⁰.
366 2451 524 2506 Vorticibus
536 2448 634 2518 rapidis
645 2449 672 2501 δι
682 2445 765 2500 multa
776 2446 861 2499 flavus
873 2446 965 2511 arend,

364 2552 397 2604 In
407 2567 480 2602 mare
491 2544 658 2616 prorumpit:
674 2545 755 2597 variae
765 2544 916 2613 circumque
926 2537 1056 2613 supra'rque

365 2646 477 2700 Affuetae
489 2645 555 2714 ripis
566 2644 692 2696 volucres
705 2641 731 2694 δι
742 2639 860 2693 fluminis
871 2642 967 2704 alveo,

267 2778 270 2783 ·
365 2744 472 2796 AEthera
483 2743 632 2795 mulcebant
644 2754 723 2792 cantu
733 2778 741 2801 ,
753 2740 868 2806 lucoque
879 2737 1017 2790 volabant.

312 2861 342 2915 35
365 2839 481 2893 Flec'tere
493 2840 543 2913 iter
554 2837 633 2890 sociis
644 2875 652 2900 ‚
662 2850 790 2904 terraeque
801 2835 937 2887 advertere
946 2850 1040 2901 proras

365 2934 481 3006 Imperat
493 2977 501 3002 ,
518 2937 545 2990 δι
553 2939 629 2990 laetus
638 2934 725 2987 fluvio
735 2932 848 2986 succedit
860 2947 954 3000 opaco.

308 3018 311 3023 ¹
402 3030 1104 3107 Nuncage‚quireges‚Erato‚quaetemporaremm‚

366 3132 435 3203 Quis
445 3132 524 3205 Latio
533 3122 644 3203 antiquo
654 3130 734 3185 suerit
744 3127 822 3184 status
834 3168 841 3194 ,
855 3128 955 3182 advena
968 3126 1071 3181 classem
