2700 3925
462 418 697 504 Lraau
745 418 892 503 VIII.
983 449 1027 533 55

282 592 358 645 Scuta
365 589 460 646 vinim
472 632 480 657 ,
493 592 668 663 galeasque&
680 590 760 645 fortia
770 608 884 661 corpora
895 592 1007 653 volves,

285 690 365 761 Tybri
380 705 460 761 pater
474 695 481 745 !
494 691 605 759 poscant
614 691 706 755 acies,
724 689 858 743 &foedera
870 704 1002 758 rumpant.
1038 701 1089 752 540

315 790 378 843 Haec
388 790 439 843 ubi
449 788 520 843 dieta
530 788 602 842 dedit
614 828 623 853 ‚
639 788 710 842 solio
720 788 747 841 se
759 787 832 841 tollit
841 789 873 841 ab
885 789 958 842 alto:

282 886 312 937 Er
322 888 443 956 primum
453 888 595 941 Herculeis
605 886 706 957 sopitas
716 886 821 958 ignibus
830 903 888 940 aras

282 983 404 1050 Excitat,
421 983 628 1056 hesternumque
636 986 732 1038 Larem
743 1023 751 1049 ‚
763 984 913 1053 parvosque
922 980 1033 1034 Penates

231 1093 237 1106 ·
283 1078 368 1140 Latus
378 1081 563 1144 adit3madiat
571 1082 652 1137 ledat
662 1084 694 1136 de
703 1098 780 1138 more
788 1082 922 1134 bidentes:

282 1176 419 1230 Evandrus
432 1177 548 1247 pariter,
560 1177 659 1248 pariter
670 1177 786 1247 Trojano
796 1177 932 1245 juventus.
1039 1190 1085 1241 545

286 1272 405 1328 Postume
417 1276 451 1329 ad
462 1291 547 1329 naves
558 1276 675 1351 graditur
686 1316 694 1342 ,
708 1276 847 1345 sociosque
858 1274 949 1329 revisit
960 1293 967 1327 ι

285 1370 408 1437 Quorum
420 1374 454 1426 de
465 1388 596 1439 numero,
609 1373 656 1443 qui
665 1374 719 1427 sese
733 1372 762 1426 in
772 1373 841 1425 bella
850 1371 1009 1441 sequanum,

283 1468 436 1523 prestantes
446 1469 550 1525 virtute
558 1470 625 1542 legit
637 1490 644 1524 ε
657 1487 718 1541 pars
730 1485 816 1523 cetera
828 1467 913 1538 proni

285 1568 376 1620 Fertur
384 1567 473 1638 aquai,
486 1568 624 1639 segnisque
636 1569 752 1621 secundo
762 1566 854 1620 defluit
865 1566 956 1632 amni,

282 1666 383 1719 Nuntia
393 1680 510 1723 ventura
521 1666 635 1719 Ascanio
648 1682 810 1735 rerumque,
826 1665 970 1735 patrisque.
1039 1678 1090 1731 550

281 1762 389 1815 Dantur
400 1761 465 1830 equi
476 1763 587 1815 Teucris
600 1763 741 1833 Tyrrhem
752 1761 904 1830 petentibus
914 1778 995 1816 arva:

282 1860 394 1913 Ducunt
406 1859 542 1912 exsortem
552 1859 644 1913 AEneae
655 1899 663 1924 ,
676 1876 757 1929 quem
767 1859 841 1933 fulva
853 1858 941 1911 leonis

281 1954 363 2011 renis
375 1954 435 2010 obit
447 1970 536 2010 totum
546 1995 554 2020 ‚
566 1956 725 2028 praefulgens
734 1956 867 2027 unguibus
880 1954 978 2010 aureis.

272 2048 274 2051 ⁸
317 2057 401 2109 Fama
411 2056 489 2108 volat
501 2071 611 2123 parvam
621 2051 709 2108 subito
719 2055 827 2125 vulgata
839 2071 887 2123 pet
895 2057 1006 2121 urbem,

281 2152 368 2207 ocius
378 2151 420 2205 ire
429 2151 535 2221 equites
546 2149 681 2220 Tyrrheni
694 2151 726 2202 ad
738 2149 831 2204 limina
843 2151 922 2224 regis.
1037 2171 1048 2222 5
1058 2171 1065 2219 3
1075 2171 1085 2222 ς

282 2251 358 2302 Vota
369 2247 445 2300 meru
457 2246 593 2315 duplicant
604 2244 701 2300 matres
712 2263 720 2312 ‚'
732 2247 895 2318 propiusque
907 2247 1008 2320 periclo

281 2348 306 2399 It
315 2347 419 2409 timor,
433 2343 460 2398 δι
469 2342 556 2408 maior
564 2342 660 2395 Martis
674 2341 727 2408 iam
739 2359 849 2412 apparet
859 2348 958 2417 imago.

282 2444 355 2496 Tum
363 2457 440 2512 pater
449 2442 586 2494 Evandrus
598 2443 718 2494 dextram
730 2444 888 2511 complexus
900 2445 1003 2511 euntis,

282 2543 376 2596 Haeret
387 2541 556 2608 inexpletum
566 2541 733 2610 lacrymans,
746 2556 776 2592 ac
786 2540 849 2594 talia
858 2543 941 2597 sature

283 2639 310 2694 0
323 2639 392 2692 mihi
404 2636 554 2707 praeteritos
566 2636 661 2690 referat
670 2637 690 2689 fi
699 2635 804 2706 Jupiter
813 2643 916 2694 annos!
1036 2649 1088 2713 530

283 2737 379 2806 Qualis
391 2752 482 2798 eram,
495 2733 555 2788 cum
566 2734 679 2803 primam
689 2734 773 2787 aciem
783 2735 909 2790 Praeneste
919 2736 965 2791 sub
975 2737 1031 2809 ipsa

284 2835 373 2890 stravi
385 2874 394 2899 ‚
407 2834 594 2902 scutorumque
605 2833 711 2885 incendi
723 2833 812 2885 vidior
821 2851 952 2897 acervos;

284 2933 316 2984 Et
326 2949 418 3003 regem
429 2932 478 2984 hac
488 2930 609 2983 Herilum
621 2931 713 2984 dextrd
723 2932 769 2984 sub
781 2945 877 2986 tartara
888 2933 965 3001 mifi,

230 3068 231 3079 ,
285 3027 410 3081 Nascenri
419 3026 463 3081 cui
472 3042 526 3080 tres
535 3025 635 3080 animas
648 3029 761 3082 Feronia
774 3045 857 3082 mater

230 3108 231 3117 ἵ
288 3127 473 3196 (Horrendum
481 3123 569 3192 dian)
578 3125 698 3187 dederam
711 3141 785 3180 terna
796 3145 867 3181 arma
878 3132 1019 3193 movenda
1030 3137 1079 3202 565

813 3227 835 3278 C
854 3225 884 3278 iu
