2700 3925
318 409 395 487 268
541 399 850 490 Marmar

316 562 471 628 bemmatis,
481 563 624 636 magnique
632 566 751 619 albentes
760 565 860 621 ollibus
870 568 937 640 agri.

316 659 350 711 Et
361 660 467 713 Latium
476 674 537 714 toto
545 676 687 715 moratum
698 664 815 728 robore,
830 666 857 716 δι
866 666 960 736 ingens

317 756 457 822 Exitium,
468 757 601 828 fluviique
608 757 726 811 humani
735 760 808 812 cade
819 762 958 825 rubentes,

317 855 352 907 Et
363 855 438 925 longi
449 895 457 920 ‚
468 855 618 925 trepidique
629 871 718 910 merus
728 896 737 921 ,
748 857 863 927 durique
872 860 971 911 labores
981 891 999 920 ,-

320 952 399 1019 Quos
411 952 492 1006 toties
503 952 592 1007 senior
601 969 650 1022 per
659 967 734 1007 tanta
744 954 865 1023 pericula
874 955 954 1023 coepi.
997 957 1004 977 ·'

319 1050 357 1101 At
366 1066 451 1115 nunc,
460 1052 550 1104 Turne
560 1089 569 1116 ,
580 1049 667 1116 jaces:
677 1050 787 1105 ubinam
799 1052 929 1122 generosa
938 1050 1037 1118 juvero

321 1144 433 1212 Gloria,
444 1148 614 1201 &excellens
622 1146 745 1201 animm?
758 1147 817 1216 quo
825 1148 974 1216 splendidus
984 1145 1031 1197 alre

319 1242 428 1297 Frontis
433 1245 522 1298 honos
530 1247 541 1298 l
548 1241 821 1313 quontmilladecens
828 1242 955 1298 bisontis
961 1240 1048 1309 imago?

320 1339 365 1391 Ab
375 1354 487 1409 qtmntas
498 1342 597 1393 Dauno
606 1343 758 1412 lacrymas,
769 1341 897 1411 acresque
908 1342 1017 1401 dolores,

320 1436 428 1501 Turne,
439 1436 527 1491 dabis!
541 1434 995 1507 qumsodrmmtiuetaraeafletu!

320 1531 374 1584 Sed
384 1548 441 1583 non
449 1533 592 1601 degeneri,
603 1534 631 1586 bc
639 1532 794 1602 pudibundo
802 1536 918 1587 vulnere
926 1532 1012 1588 fotium

320 1625 439 1695 Aspiciet
451 1646 458 1679 ε
471 1627 564 1680 saltem
572 1629 626 1682 hoc
637 1630 740 1685 misere
749 1631 870 1683 solamen
878 1632 983 1685 habebit

321 1723 443 1789 Mentis,
454 1738 484 1777 ut
493 1725 586 1779 AEneae
597 1728 711 1794 Troiani
719 1727 858 1797 exceperis
868 1730 970 1782 ensem.

359 1823 423 1876 Haec
434 1825 519 1889 satus,
530 1826 707 1896 lacrymisque
716 1842 797 1897 genas
807 1826 933 1894 implevit
942 1822 1045 1879 obortis.

322 1919 393 1972 Tum
402 1920 456 1975 sese
466 1923 498 1975 ad
507 1923 609 1976 turbam
617 1924 750 1986 volvere,
760 1921 910 1976 miserabile
919 1938 1013 1991 corpus

322 2016 435 2081 Arroni,
447 2018 474 2070 &
483 2036 568 2071 caram
579 2020 665 2073 moesti
677 2018 807 2090 genitoris
817 2023 850 2074 ad
857 2022 950 2074 urbem

321 2112 447 2178 Deserri‚
460 2129 538 2183 atque
548 2116 609 2185 pios
620 2117 681 2170 fieri
692 2119 833 2170 mandabat
843 2118 974 2172 honores.

323 2208 396 2260 Mox
404 2209 552 2264 circumfusi
561 2213 655 2266 Rutuli
662 2215 719 2265 lato
729 2213 834 2282 agmine
844 2214 941 2266 caesum

324 2305 469 2359 Sublimem
482 2306 585 2378 ingenti
595 2308 722 2374 juvenem
731 2309 844 2377 posuere
855 2311 981 2379 pheretro
992 2348 1001 2373 ‚

325 2404 414 2458 Multa
426 2405 503 2474 super
513 2386 646 2458 Teucrum
655 2421 792 2475 raptorum
803 2406 917 2478 insignia
928 2408 1013 2461 secum
1024 2444 1031 2469 ‚

323 2502 357 2553 Er
367 2504 468 2572 galeas,
483 2503 509 2555 δι
519 2519 619 2571 equos,
631 2503 756 2571 ensesque
767 2503 856 2556 &tela
865 2504 991 2558 serentes.

324 2598 386 2653 Post
396 2616 487 2653 citerus
499 2599 615 2670 Phrygii
626 2600 747 2652 sudantes
760 2600 828 2652 caede
840 2599 995 2669 sequuntur.

323 2697 349 2747 It
360 2698 518 2767 lacrymans,
527 2696 554 2748 bc
563 2697 635 2750 ducit
644 2713 743 2766 equum
753 2695 831 2749 dosii
842 2711 898 2750 atre
908 2695 1054 2766 Methystus

311 2793 488 2858 =Romnum,
502 2793 603 2848 &fletu
612 2794 761 2846 madidum:
774 2793 821 2862 qui
831 2810 945 2848 vexerat
955 2793 1013 2848 ant'e

324 2891 466 2945 Visiorem
476 2893 610 2956 Turnum,
620 2906 699 2961 atque
710 2890 799 2945 hostili
808 2890 891 2961 strage
901 2894 1039 2947 furentem.

325 2985 398 3041 Hinc
409 2989 454 3041 alii
463 2988 570 3040 adversa
580 3005 651 3039 arma
660 3002 754 3057 gerunt
764 3005 772 3039 ε
782 3001 840 3038 tum
850 3003 938 3041 cereta
947 2991 1027 3057 pubes

325 3083 404 3140 Flens
417 3083 548 3153 sequitur,
558 3083 688 3157 largisque
700 3081 832 3140 humestat
843 3083 953 3156 pesiora
963 3083 1047 3157 guttis.
