2700 3925
371 446 686 535 lma
729 445 855 534 XII.
919 452 991 532 181

262 605 301 665 lec
315 610 375 664 sese
389 611 480 666 AEneae
491 612 600 679 jadiavit
607 616 719 668 vulnere
729 613 878 684 qnisquam.

262 708 357 761 'umus
369 724 401 761 ut
410 708 515 764 AEnean
523 714 660 765 cedentem
669 729 706 765 ex
716 713 820 782 agmine
831 710 920 773 vidit,

262 807 439 877 'urbatosque
450 810 529 861 duces
541 848 549 873 ‚
564 809 649 863 subiri
659 812 707 879 spe
716 809 833 864 fervidus
845 810 934 860 ardet:
1000 817 1053 878 321

262 904 337 958 oscit
349 920 440 973 equos
452 918 531 974 atque
542 923 615 960 arma
625 907 720 971 simul,
731 908 849 975 saltuque
860 904 987 973 superbus
1015 948 1018 951 .

262 1001 353 1056 micat
363 1001 395 1053 in
406 1018 513 1055 currum
524 1041 534 1068 ‚
546 1005 572 1057 δι
584 1005 704 1058 manibus
715 1005 826 1058 molitur
835 1004 961 1059 habenas·

262 1100 337 1151 [ulta
348 1096 442 1151 virum
452 1100 571 1154 volitans
582 1104 626 1155 dat
636 1102 717 1156 sortia
727 1119 841 1171 corpora
849 1102 923 1156 letho
932 1119 942 1155 z

262 1195 406 1248 emineces
417 1196 509 1251 volvit
519 1202 619 1252 multos
631 1238 640 1263 ,
652 1213 699 1251 aut
709 1198 813 1269 agmina
824 1215 902 1251 curm

262 1290 370 1347 roterit
383 1332 392 1357 ,
407 1308 452 1347 aut
463 1310 550 1365 raptas
563 1297 727 1367 fugientibus
737 1296 835 1368 ingerit
842 1294 938 1349 hastas,
1001 1304 1055 1363 330

262 1390 347 1456 malis
359 1393 431 1458 apud
443 1393 524 1462 gelidi
535 1394 596 1447 clun
607 1393 719 1448 flumina
729 1394 850 1448 concitus
861 1392 943 1446 Hebri

262 1488 420 1559 inguineus
427 1490 540 1544 Mavors
545 1494 644 1562 clypeo
651 1491 785 1562 increpat,
796 1506 874 1561 atque
880 1491 999 1545 furentes

264 1589 325 1640 ella
337 1602 455 1639 movens
469 1587 587 1641 immittit
595 1605 680 1660 equos
693 1608 701 1642 z
713 1590 751 1643 illi
761 1606 868 1660 aequore
879 1601 973 1658 aperto

262 1699 319 1737 nte
326 1684 726 1755 notoszephyrumquevolaut:
733 1683 998 1757 gemitultimapulsu

262 1782 355 1834 liraca
366 1782 465 1849 pedum
476 1800 485 1842 3
499 1782 650 1853 circinique
659 1799 721 1836 atrae
730 1782 890 1835 Formidinis
903 1798 969 1847 ora,
998 1789 1012 1845 3
1016 1789 1048 1845 35

262 1894 354 1948 :aque
365 1867 537 1948 ,insidiaeque
546 1918 555 1944 ,
564 1879 619 1932 Dei
628 1865 769 1932 comitanus
780 1917 788 1940 ,
800 1891 923 1947 aguntur.

262 1977 326 2030 'alis
338 1992 426 2044 equos
437 1978 521 2029 alacer
532 1976 619 2029 media
631 1976 701 2029 inter
712 1975 808 2045 proelia
818 1976 926 2028 Tumun

262 2076 395 2126 'umentes
406 2071 500 2125 sudore
511 2073 614 2142 quatit,
625 2073 772 2127 miserabile
781 2074 854 2127 caesrs

262 2167 381 2222 {ostibus
392 2167 520 2223 insultans
533 2189 541 2223 ι
554 2169 652 2241 spargit
662 2170 752 2239 rapida
760 2173 858 2241 ungula
867 2186 941 2226 rores

262 2265 421 2337 sanguineos
433 2306 441 2331 ,
453 2266 592 2338 mixtique
603 2285 683 2322 cruor
694 2269 808 2322 calcatur
819 2267 907 2323 arena.
1002 2280 1056 2336 340

265 2363 1122 2438 amquenecisrhenelumquededit‚Thamyrimque,Ph01umque;

262 2459 529 2532 iuuccongreffus,&
534 2448 998 2520 hunczfflumeminuiemmuamho

262 2555 1001 2631 mbrafidas‚GlaucumarqueLaden,quosImbrasnsipse
1073 2578 1076 2583 ·

262 2656 394 2712 lutrierat
404 2656 504 2727 Lycii,
514 2657 671 2726 paribusque
683 2667 823 2709 ornaverat
832 2653 931 2719 arinis,

262 2756 310 2811 Vel
322 2754 445 2809 conserte
455 2770 580 2818 manum,
590 2755 636 2807 vel
644 2769 716 2822 equo
725 2766 885 2821 prevertere
893 2766 1055 2828 ventos.545

290 2854 369 2907 Parte
382 2852 454 2916 alid,
469 2851 556 2904 media
566 2851 695 2904 Eumedes
706 2850 735 2902 in
744 2849 841 2918 proelia
852 2849 952 2916 ferm,

262 2951 369 3021 lntiqui
379 2952 470 3019 proles
481 2951 553 3003 bello
564 2952 688 3018 preclara
696 2947 813 3001 Dolonis
823 2986 839 3013 ,-

262 3049 462 3104 lomineavum
467 3047 685 3112 reserens‚animo
691 3045 1013 3116 manibusqueparentem

262 3148 313 3220 Qui
325 3148 477 3224 quondam,
487 3144 605 3206 castrant
614 3143 738 3207 Danum
746 3144 894 3218 specuum
903 3143 1004 3214 aditet,
1016 3188 1023 3202 ι
