2700 3925
345 625 396 703 88
510 611 886 712 'AEiu'atnou’

285 774 421 839 ⁶201deae
432 806 440 842 ε
457 785 533 843 finite
544 804 616 843 arma
625 788 694 843 viris
706 829 714 854 ,
727 790 754 843 δι
765 790 852 843 cedite
863 789 950 844 senua¹
997 798 1002 805 “

376 883 452 939 Talia
462 884 603 951 jactantem
612 885 707 949 uun,
720 885 817 939 aedita
826 898 968 938 canentem

295 991 299 998 ·
339 980 404 1032 Non
414 981 475 1033 tulit
483 982 626 1035 Ascanius:
642 999 782 1051 nervoque
791 983 920 1035 obversus
929 979 1031 1050 equino

339 1078 457 1157 Intendit
466 1082 549 1132 telum
559 1098 568 1141 ;
578 1080 849 1149 diversaque-brachia
859 1081 961 1133 nicene

342 1175 468 1227 Constitit
478 1214 485 1239 ‚
502 1176 563 1229 ante
578 1178 592 1231 J
595 1193 676 1230 ovem
688 1178 801 1246 supplex
809 1193 858 1245 per
866 1191 935 1229 vota
944 1186 1057 1245 precatus

283 1265 334 1331 ⁶25
344 1271 448 1339 Jupiter
460 1273 634 1341 omnipotens
645 1311 653 1339 ‚
666 1275 805 1327 audacibus
815 1269 905 1328 annue
914 1272 1022 1342 coeptis.

340 1369 400 1437 Ipse
408 1369 457 1421 tibi
468 1371 500 1422 ad
510 1385 555 1423 ma
566 1374 664 1440 templa
673 1373 756 1425 feram
765 1372 886 1425 solennia
898 1375 988 1431 dona·,

251 1507 255 1516 .
291 1489 298 1501 -v
340 1466 374 1517 Et
385 1466 493 1519 statuam
502 1482 563 1521 ante
572 1484 628 1520 atas
637 1467 727 1520 aurata
735 1467 825 1520 fronte
832 1466 978 1534 juvencum

342 1562 520 1627 candentem,
530 1565 681 1633 pariterque
688 1580 768 1633 caput
777 1582 838 1617 cum
847 1580 933 1617 matre
943 1566 1062 1617 serentem

341 1658 356 1712 J
358 1676 401 1710 am
410 1676 494 1712 cornu
505 1676 577 1729 petat
588 1700 596 1725 ‚
606 1662 633 1712 ἃ
644 1661 753 1729 pedibus
765 1661 813 1730 qui
821 1662 925 1732 spargat
935 1676 1047 1715 arenam.

286 1752 453 1817 630Audiit‚
468 1757 494 1808 δι
507 1758 570 1809 coeli
582 1758 699 1810 Genitor
710 1761 742 1812 de
755 1775 829 1828 parte
841 1760 933 1813 serena

341 1853 462 1905 Intonuit
470 1856 578 1908 laeuum.
589 1855 672 1908 Sonat
683 1856 735 1909 uni
744 1856 849 1909 lethifer
858 1874 952 1917 arcum

297 1994 300 2011 ,
341 1952 374 2004 Et
383 1951 451 2022 sugit
461 1953 623 2006 horrendum
633 1952 741 2007 stridens
753 1954 840 2022 elapsa
851 1954 964 2023 sagitta,

341 2049 443 2120 Perque
454 2046 533 2122 caput
544 2052 651 2105 Remuli
661 2052 738 2104 venit
750 2091 759 2114 ,
772 2053 872 2103 &cava
884 2066 1007 2119 tempora
1016 2051 1065 2105 stru

342 2147 461 2213 Traiicit.
478 2152 492 2201 1
502 2151 608 2214 ‚verbis
617 2150 745 2201 virtutem
757 2149 837 2200 illude
850 2148 988 2214 superbis:

286 2244 337 2310 635
348 2244 392 2296 Bis
404 2246 474 2314 capti
483 2247 601 2315 Phryges
610 2247 665 2298 haec
677 2247 783 2297 Rutulis
793 2245 917 2312 responsa
928 2244 1064 2298 remittunt

345 2340 409 2392 Haec
419 2342 520 2394 tannim
534 2343 659 2394 Ascanius
670 2362 676 2394 :
690 2343 786 2394 Teucri
796 2344 912 2393 clamore
924 2342 1065 2410 sequuntur

303 2493 305 2497 ,
343 2436 500 2505 Laetitiaique
511 2439 644 2502 fremunt,
658 2440 813 2507 animosque
826 2440 858 2490 ad
867 2438 949 2490 sidera
961 2442 1065 2493 tollunt.

380 2532 502 2586 AEthereai
512 2549 568 2586 tum
578 2534 647 2587 sorte
656 2536 734 2605 plagi
743 2536 853 2588 crinitus
863 2535 965 2603 Apollo

344 2631 465 2699 Desuper
475 2631 605 2683 Ausonias
615 2631 684 2684 acies
695 2670 702 2694 ‚
718 2633 861 2699 urbemque
870 2632 980 2685 videbat
989 2652 1003 2697 ‚e

288 2732 342 2794 640
348 2728 423 2778 Nube
435 2728 526 2779 sedens
537 2745 545 2786 3
558 2743 637 2796 atque
649 2728 691 2779 his
701 2728 832 2780 victorem
842 2727 936 2780 affatur
945 2731 1050 2784 liilum:

344 2824 432 2876 Maste
445 2825 518 2876 novi
530 2824 648 2889 virtute,
664 2841 730 2892 puer
742 2844 749 2877 ε
762 2825 796 2877 stc
807 2824 860 2877 itur
870 2827 902 2877 ad
913 2826 997 2888 astra3

297 2982 300 2993 Ι
343 2922 406 2974 Diis
418 2921 525 2992 genite,
540 2923 566 2974 δι
577 2921 697 2991 geniture
706 2922 782 2975 Deos
793 2942 800 2974 ε
812 2921 869 2988 jure
881 2924 974 2977 omnia
984 2927 1053 2981 bella

345 3017 433 3071 Gente
444 3019 491 3070 sub
501 3015 614 3070 Assaraci
625 3017 681 3070 sato
692 3032 804 3071 ventura
813 3019 942 3074 resident:

344 3115 401 3173 Nec
412 3130 438 3167 te
447 3115 529 3181 Troia
540 3116 620 3184 capit.
633 3114 718 3167 Simul
729 3116 785 3168 haec
797 3115 908 3182 effatus,
923 3119 955 3171 ab
965 3121 1024 3173 alto
1052 3144 1055 3151 ·

289 3217 339 3282 645
349 3211 456 3264 AErhere
468 3212 494 3266 se
504 3213 587 3264 mittit
597 3253 605 3276 ‚
615 3213 743 3280 spirantes
753 3215 874 3267 dimovet
883 3231 959 3268 auras
970 3255 978 3280 ,

328 3330 330 3337 ¹
346 3307 539 3378 Ascaniumque
548 3310 632 3377 petit:
642 3310 756 3367 sormam
765 3310 945 3367 tumuettirur
955 3313 1015 3368 oris

241 3512 341 3670 Ν
