2700 3925
445 323 718 406 Lmen
764 318 882 406 VII.
975 346 1020 401 21

271 482 338 533 Haec
350 482 397 533 ubi
410 482 479 534 dista
490 482 562 535 dedit
573 521 581 545 ,
594 480 740 551 Divosque
748 480 777 534 in
785 499 852 536 vota
859 482 990 544 vomuit,

275 580 404 631 Certatim
414 580 470 631 sese
480 578 575 631 Rutuli
587 579 764 632 exhortantur
772 579 802 632 in
811 597 893 635 arma.

272 677 351 728 Hunc
360 679 443 729 decus
453 674 593 745 egregium
599 676 695 729 formae
704 691 884 746 moveturque
893 675 1027 743 juventu,

273 775 351 825 Hunc
363 775 439 826 atavi
450 791 542 845 reges,
554 775 628 826 hunc
637 774 714 827 claris
726 775 835 828 dextera
843 773 930 829 fassis.

311 874 387 922 Dum
397 873 505 923 Turnus
514 872 632 923 Rutulos
644 870 741 924 animis
751 871 891 924 audacibus
901 870 1014 939 implet,
1029 873 1079 924 4·5

275 970 370 1021 Alesio
382 969 412 1020 in
422 970 542 1021 Teucros
552 967 647 1038 stygiis
658 968 686 1021 se
695 967 812 1022 concitat
821 968 889 1033 alis,

276 1070 342 1118 Arre
353 1064 427 1118 novi
439 1066 572 1134 speculata
583 1066 675 1117 locum
687 1103 696 1130 ‚
713 1081 769 1134 quo
781 1064 873 1117 littore
882 1063 992 1133 pulcher

282 1162 385 1215 Insidiis
400 1164 527 1232 cursuque
538 1164 607 1217 seras
619 1163 735 1233 agitabat
745 1163 828 1216 liilus.

281 1260 335 1311 Hic
347 1260 457 1312 subitam
468 1262 575 1315 canibus
586 1260 687 1314 rabiem
698 1259 900 1332 Cocytiavirgo

280 1356 400 1423 objicit,
413 1359 515 1413 &noto
525 1376 602 1413 nares
612 1359 747 1430 contingit
757 1360 856 1423 odore,
1029 1349 1083 1411 4ςο

279 1458 317 1507 Ut
326 1452 437 1510 cervum
448 1460 571 1511 ardentes
581 1472 689 1528 agerent
701 1476 709 1510 t
720 1474 778 1527 quae
787 1456 873 1525 prima
884 1458 1016 1510 malorum

279 1554 364 1607 Causa
374 1554 427 1607 fuit
437 1594 445 1619 ,
455 1557 583 1625 belloque
594 1555 700 1608 animos
711 1554 831 1609 accendit
842 1553 964 1624 agrestes.

279 1655 385 1703 Cervus
395 1666 453 1703 erat
461 1651 547 1705 sormi
556 1650 689 1721 prestanti
702 1652 728 1704 &
737 1650 862 1704 cornibus
871 1650 965 1721 ingens
975 1670 984 1711 3

278 1747 437 1817 Tyrrheidae
447 1748 524 1817 pueri
536 1765 617 1818 quem
627 1748 721 1801 matris
733 1750 765 1801 ab
775 1749 856 1801 ubete
867 1763 972 1816 raptum

278 1844 443 1909 Nutribant,
458 1844 646 1914 Tyrrheusque
657 1859 733 1914 pater
743 1885 750 1909 ,
762 1845 806 1898 cui
817 1844 889 1915 regia
898 1858 991 1914 parent
1028 1838 1080 1900 435

279 1947 428 2007 Armenta,
442 1942 469 1995 δι
483 1940 536 1995 late
548 1940 664 1995 custodia
677 1941 776 1995 credita
786 1942 883 2011 campi.

279 2041 418 2093 Assuetum
427 2038 547 2108 imperiis
559 2038 636 2090 soror
645 2037 722 2090 omni
733 2038 828 2108 Sylvia
839 2037 900 2090 cura

283 2136 413 2190 Mollibus
424 2137 548 2190 intexens
558 2137 668 2189 ornabat
677 2152 776 2188 cornua
788 2135 883 2196 sertis·,

282 2234 456 2304 Pestebatque
466 2234 552 2287 serum
563 2273 570 2297 ,
583 2250 706 2302 puroque
717 2233 746 2286 in
757 2233 833 2285 sonte
842 2227 954 2287 lavabar.

280 2334 328 2385 Ille
339 2342 449 2384 manum
458 2329 564 2399 patiens
575 2368 582 2394 ‚
593 2330 743 2398 mensaeque
752 2328 866 2383 assuetus
876 2329 954 2382 herili
965 2369 973 2393 ,
1030 2337 1083 2390 492

282 2429 389 2480 Errabat
397 2425 483 2497 sylvis
491 2444 503 2486 3·
512 2424 651 2495 rursusque
663 2426 696 2478 ad
706 2425 800 2478 limina
809 2440 874 2479 nota

281 2527 339 2595 lpse
350 2528 460 2578 domum
469 2503 526 2576 seri
536 2521 658 2592 quamvis
668 2522 695 2576 se
705 2523 783 2577 noue
793 2525 900 2578 ferebat.

283 2625 361 2676 Hunc
372 2624 468 2692 procul
478 2637 612 2674 errantem
621 2619 716 2674 rabide
725 2620 849 2675 venantis
859 2621 910 2674 Iiili

284 2719 464 2775 summovere
473 2736 552 2773 canes
563 2758 571 2784 ‚
583 2717 671 2771 fluvio
683 2717 743 2770 ciun
752 2715 823 2768 sorte
832 2717 947 2772 secundo

282 2818 438 2882 Defluetet,
453 2815 565 2886 ripaque
578 2812 653 2868 aessus
664 2812 798 2877 viridante
809 2813 919 2870 levaret.
1030 2821 1082 2875 495

282 2917 338 2984 Ipse
347 2902 428 2970 etiam
437 2912 547 2968 eximie
556 2909 641 2964 laudis
651 2907 789 2962 succensus
799 2918 899 2964 amore¹

261 2999 266 3010 ’
283 3014 406 3069 Ascanius
419 3029 505 3069 curvo
517 3008 616 3068 direxit
625 3008 727 3080 spicula
736 3021 839 3063 cornus
