2700 3925
385 609 465 688 1¹4
575 579 924 665 AEunrnoe

379 749 422 805 lre
430 750 506 821 prior
516 749 620 816 Pallas,
635 748 717 821 tiqui
725 749 781 805 fors
790 748 900 817 adjuvet
909 748 1003 805 nasum

381 847 493 903 Viribus
500 848 645 919 imparibus
654 866 664 911 ς
673 863 852 919 magnumque
859 847 897 901 ita
902 849 936 901 ad
942 849 1040 902 ethera
1047 846 1075 901 sat

324 940 381 1008 ‘⁴60
387 944 437 1000 Pet
442 946 524 1017 patric
531 946 679 1015 hospitium
687 985 697 1011 ,
705 945 841 1000 &mensae
851 962 919 1016 quat
930 948 1035 1000 advena
1042 946 1075 999 ad

382 1043 423 1098 Te
432 1059 526 1114 precor
535 1081 544 1108 ,
555 1044 646 1097 Alcide
656 1082 665 1108 ‚
676 1044 774 1113 coeptit
783 1043 937 1115 ingentibus
947 1043 1013 1098 adds
1023 1062 1033 1098 t

384 1142 481 1193 Cernat
492 1141 618 1195 semineci
629 1141 677 1195 sibi
688 1158 732 1195 nte
740 1157 833 1211 rapere
840 1158 915 1195 arma
924 1157 1052 1207 wenta,

383 1237 576 1308 Visiotentque
587 1240 674 1294 ferant
685 1240 831 1295 morientia
838 1240 941 1294 lumina
950 1238 1046 1295 Turni.

384 1334 477 1389 Audiit
487 1338 593 1390 Alcides
601 1336 745 1404 iuvenem,
759 1353 940 1408 magnumque
950 1336 997 1389 suh
1007 1336 1063 1390 irno

330 1430 381 1498 465
393 1432 479 1486 Corde
486 1432 585 1503 premit
591 1433 721 1504 gemitum
729 1472 737 1498 ‚
744 1434 927 1504 lacrymasque
933 1431 1075 1488 effuditint

386 1530 457 1583 Tum
469 1529 575 1600 genitor
585 1544 676 1584 natum
687 1529 766 1583 distis
775 1527 871 1584 effante
878 1528 991 1583 etnicis:

386 1626 444 1679 Stat
455 1626 500 1679 sua
511 1628 607 1698 cuique
617 1628 673 1681 dies
686 1665 694 1691 ,
711 1627 795 1680 breve
810 1625 839 1681 dt
851 1625 1076 1697 breperaffikm

388 1721 522 1775 Omnibus
532 1722 569 1775 est
577 1724 642 1777 vita
652 1742 661 1783 ·‚
674 1724 720 1776 sed
730 1722 829 1777 samam
839 1724 986 1786 extendere
997 1723 1072 1779 saliit

388 1816 565 1871 llocvirtutis
577 1834 657 1887 opus.
667 1817 758 1886 Troia
767 1819 814 1873 sub
823 1818 959 1875 menibus
969 1821 1031 1877 attis

332 1915 449 1990 470Tor
458 1914 513 1970 nati
521 1915 638 1971 cecidere
649 1917 738 1971 Derim
751 1936 758 1972 r
771 1916 837 1988 quin
847 1916 947 1973 occidit
957 1916 1012 1974 una

389 2015 543 2083 Sarpedon,
557 2030 617 2068 mea
625 2012 769 2084 progenies
779 2032 786 2067 :
796 2015 878 2068 eriam
887 2015 932 2068 sua
944 2016 1067 2070 Turnum

389 2113 452 2166 Fata
462 2126 581 2174 vocant,
598 2111 734 2181 metasque
744 2111 797 2164 dati
806 2109 932 2181 pervenit
942 2114 975 2165 ad
984 2113 1048 2169 nvi.

390 2208 435 2263 Sic
446 2209 502 2273 ait,
515 2224 594 2280 atque
606 2212 701 2264 oculos
712 2210 873 2263 Rutulomtn
882 2207 971 2276 reiicit
979 2210 1062 2269 arvis.

427 2306 463 2358 At
474 2305 557 2358 Pallas
570 2305 673 2377 magnis
687 2305 788 2360 emittit
798 2305 901 2360 viribus
914 2306 1034 2371 nattam

335 2395 554 2473 475Vagit'1dque
568 2403 634 2456 cava
645 2403 792 2473 fulgentem
802 2402 898 2472 deripit
909 2404 1012 2460 ensem.

391 2501 440 2553 Illa
451 2501 546 2552 volans
557 2537 565 2562 ,
582 2499 686 2552 humeri
696 2500 805 2570 surgunt
814 2500 866 2570 qud
874 2503 994 2572 tegmina
1002 2503 1076 2558 sumn

391 2595 488 2651 Incidit
500 2616 509 2658 3
524 2611 603 2665 atque
618 2596 692 2648 viam
705 2597 794 2666 clypei
806 2595 900 2649 molita
910 2613 960 2665 pet
970 2615 1051 2665 oras,

392 2695 511 2747 Tandem
522 2687 603 2747 etiam
614 2708 714 2762 magno
723 2691 829 2746 strinxit
840 2694 872 2746 de
884 2709 1001 2763 corpore
1008 2697 1077 2749 Turn

393 2792 446 2843 llic
456 2791 562 2844 Turnus
573 2789 644 2844 ferro
655 2788 796 2858 prefixum
808 2791 888 2844 robur
899 2806 981 2846 acuto

338 2889 431 2968 4801ss
444 2887 560 2940 Pallanta
574 2887 619 2940 diu
632 2888 731 2939 librans
743 2885 807 2952 iacit
818 2926 824 2952 ,
837 2903 917 2958 atque
929 2888 967 2943 ita
975 2890 1061 2947 sature

394 2983 489 3052 Aspice
499 3000 563 3036 nunt
571 3000 647 3054 mage
656 2982 688 3036 fit
696 2982 814 3038 nostrum
823 2987 985 3055 penetrabile
994 2991 1077 3043 telum

394 3080 510 3134 Dixerat
519 3100 527 3135 a
537 3094 564 3134 at
571 3083 697 3151 clypeum
707 3118 714 3144 ‚
725 3094 767 3134 tot
775 3082 838 3136 ferri
847 3098 937 3154 terga,
950 3098 992 3139 tot
1001 3085 1075 3152 erit.

396 3176 465 3229 Ciam
476 3177 554 3246 pellit
565 3177 647 3230 toties
659 3178 737 3231 obeat
747 3177 906 3233 circumdata
916 3181 1005 3248 tauri,

396 3273 521 3329 vibranti
529 3272 615 3344 cuspis
625 3273 742 3329 medium
752 3276 943 3332 transverberat
954 3278 1009 3334 isin
1021 3319 1033 3347 .

242 3498 361 3664 N
