2700 3925
407 442 486 531 232
606 415 953 515 Vraercrr

402 583 468 637 Non
478 582 528 657 tilii
538 586 715 662 nequicquam
722 586 819 640 viridis
829 603 879 657 per
887 586 990 657 viscera
1000 584 1080 656 pallor

348 679 534 751 230AEgrotas
546 686 621 735 tenui
631 682 738 737 suffudit
749 683 877 755 sanguine
892 676 987 738 venat.
1055 681 1058 686 ’

402 777 684 835 Neclevtshocfacete
692 780 702 847 (
710 781 877 851 nequeenim
884 779 1102 851 pote)curasube2

366 947 368 952 Ι
402 874 483 929 Haud
495 877 590 940 fallor,
603 879 676 947 quod
685 892 712 931 te
723 878 813 948 potitis
824 879 986 932 Rhamnufia
996 878 1070 933 fallit.

402 972 474 1043 Nam
485 990 536 1043 qua
545 988 572 1027 te
583 974 668 1027 cauffa
679 992 728 1029 uec
739 976 822 1029 dulcit
832 979 930 1045 pocula
938 976 1050 1040 Bacchi,

404 1069 462 1125 Nec
471 1071 596 1142 gravidos
608 1073 714 1126 Cereris
726 1074 812 1127 dicam
822 1075 983 1145 contingere
991 1074 1084 1129 foetu}

351 1177 401 1233 ης
412 1168 480 1236 Qua
491 1167 575 1222 cauffa
584 1171 617 1223 ad
625 1170 741 1239 patrium
752 1170 837 1224 solam
849 1170 965 1240 vigilare
977 1170 1077 1233 cubile,

405 1265 542 1336 Tempore
553 1282 608 1338 quo
619 1267 694 1323 festas
704 1268 828 1321 mortalia
839 1267 950 1337 pellora
958 1284 1033 1322 curas
1045 1305 1053 1331 .

407 1362 472 1431 Quo
482 1365 588 1434 rapidos
598 1364 677 1418 etiam
686 1363 854 1433 requiescunt
862 1364 977 1418 flumina
986 1363 1086 1418 cursus?

385 1442 397 1453 ⁸
407 1461 462 1513 Die
475 1478 522 1539 age
533 1479 603 1516 nunc
614 1464 716 1518 miserae
725 1464 835 1527 saltem,
851 1464 925 1532 quod
935 1463 1005 1531 saepe
1016 1456 1102 1531 peteua'

407 1556 518 1612 Jurabas
528 1558 595 1611 nihil
606 1558 657 1611 effe
667 1561 734 1613 mihi
747 1599 755 1625 ,
771 1560 831 1613 cum
840 1558 934 1612 moesia
946 1559 1063 1627 parentia

354 1654 558 1715 240Fotmosos
567 1653 666 1707 circum
677 1657 757 1727 virgo
766 1674 900 1711 morerere
911 1658 1026 1725 capillos
1035 1658 1047 1710 l

411 1750 465 1804 Hei
476 1751 543 1808 mihi
553 1792 561 1816 ‚
573 1768 607 1805 ue
615 1753 689 1807 furor
699 1755 744 1807 ille
755 1769 817 1807 tuos
830 1752 958 1807 invaserit
969 1767 1058 1816 amu,

410 1849 478 1915 ille,
491 1851 581 1904 Arabis
593 1852 712 1922 Myrrhae
722 1853 856 1920 quondam
866 1851 914 1919 qui
925 1850 998 1919 cepit
1009 1850 1102 1903 ocellos

412 1950 451 2003 Ut
464 1951 561 2003 scelere
572 1950 679 2004 infando
693 1989 701 2013 ‚
716 1950 790 2019 quod
798 1966 846 2001 nec
857 1948 919 2000 finit
932 1946 1067 2023 Adrastia,

413 2045 519 2099 Laedete
528 2064 669 2117 utrumque
679 2065 734 2101 uno
743 2047 843 2100 studeas
852 2063 943 2099 errore
955 2060 1100 2116 patentem·

357 2154 408 2207 245
418 2145 500 2211 Quod
512 2144 532 2197 fi
544 2146 599 2198 alio
611 2147 710 2215 quovis
722 2146 812 2198 animo
822 2143 924 2208 ialiaris
937 2160 1049 2199 amore:

413 2243 483 2294 Nam
492 2257 519 2294 te
528 2241 636 2306 jactari,
650 2259 706 2294 non
715 2241 752 2294 est
761 2239 911 2293 Amathufia
920 2239 1005 2293 nostri

412 2340 480 2394 Tam
490 2341 561 2394 rudis
573 2378 581 2405 ,
593 2354 623 2393 ut
634 2342 709 2392 nullo
721 2338 816 2408 poffim
828 2339 989 2408 cognoscere
1002 2336 1094 2410 signo:

411 2439 461 2493 sin
472 2437 605 2492 conceffus
617 2455 694 2490 amor
704 2451 772 2489 noto
782 2451 810 2489 te
822 2450 935 2500 macerat
945 2435 1008 2506 igne
1022 2474 1033 2499 ,

412 2535 463 2590 Pet
472 2537 520 2589 tibi
531 2535 674 2606 Dfflynuae
687 2534 827 2604 praesentia
836 2534 947 2586 numina
959 2532 1040 2598 iuro,

356 2635 505 2700 250Prima
516 2635 604 2686 Deum
614 2652 672 2702 quae
684 2649 710 2686 te
721 2632 788 2686 mihi
799 2634 902 2685 dulcem
911 2633 995 2684 donat
1006 2635 1102 2685 alumna

413 2731 514 2785 Omnia
525 2748 568 2784 me
579 2730 669 2799 potitis
681 2730 760 2799 digna
770 2744 849 2797 atque
861 2727 971 2797 indigna
982 2731 1101 2785 laborum

412 2828 501 2883 Millia
512 2830 647 2892 visuram,
660 2827 739 2896 quarn
751 2841 842 2880 tetam
854 2825 970 2879 tri-stibus
979 2826 1037 2882 istis

412 2925 538 2978 Sordibus
551 2964 559 2989 ‚
573 2926 602 2978 δι
610 2925 694 2979 scotia
706 2918 790 2992 patiar
799 2924 931 2976 tabescere
943 2925 1001 2977 tali.

414 3024 479 3076 Haec
489 3023 607 3090 loquitur
618 3061 625 3086 ‚
638 3021 767 3089 mollique
776 3035 806 3072 ut
816 3020 842 3072 se
852 3019 957 3072 velavit
968 3019 1085 3086 amistu,

359 3112 409 3168 255
420 3119 580 3192 Frigidulam
593 3116 690 3186 injeffl
701 3115 844 3202 circumdat
855 3113 928 3172 veste
939 3118 1077 3186 puellam,
