2700 3925
473 426 660 538 eri'u
683 479 713 538 rt
757 446 852 536 IX.
977 454 1027 562 83

287 619 369 675 Heu!
382 617 451 673 terri
464 618 575 691 ignoti,
588 618 696 674 canibus
707 619 765 673 data
776 619 862 690 praedt
871 615 972 673 Latinis
1033 616 1085 682 485

286 718 474 787 nimbusque,
490 717 560 783 iaces
574 722 581 772 l
594 734 643 771 nec
655 731 682 771 te
695 756 702 784 ‚
717 732 762 771 tua
772 718 863 771 funera
873 756 882 781 ,
893 709 977 772 mater

287 815 424 881 Produxi,
437 816 549 885 preffive
559 818 671 880 oculos,
687 830 732 868 aut
740 818 851 869 vulnera
862 814 936 879 lavi,

288 913 368 967 Veste
377 928 471 985 tegens
481 954 489 979 ,
501 914 550 968 tibi
561 931 641 985 quam
650 914 742 968 nolles
751 913 843 968 festina
854 914 961 983 diesque

287 1010 437 1079 Urgebam,
449 1012 476 1064 ὅ(
484 1012 537 1065 teli
546 1028 620 1064 curas
630 1011 732 1066 solabar
743 1012 835 1066 aniles.

288 1106 745 1178 Qudsequar?autquaenuncartus,
753 1110 894 1178 avulsaque
902 1108 1089 1175 membra,490

288 1206 319 1257 Et
330 1206 409 1258 funus
419 1208 536 1259 lacerum
545 1209 623 1259 tellus
632 1208 710 1260 habet
720 1209 731 1260 ἓ
742 1208 794 1260 hoc
806 1207 873 1259 mihi
885 1210 916 1261 de
925 1223 967 1273 re,

288 1303 374 1367 Nate,
387 1304 468 1357 refers
478 1306 488 1357 ἓ
498 1306 551 1357 hoc
562 1306 619 1357 sum
632 1304 754 1375 tetrique
764 1305 882 1374 marique
894 1306 980 1359 secuta
994 1309 1005 1359 ἓ

289 1398 373 1469 Figite
386 1417 445 1463 me,
459 1400 478 1451 fi
491 1418 543 1469 qua
554 1399 590 1453 est
599 1402 702 1469 pietas·,
716 1402 744 1470 in
754 1419 796 1453 me
809 1402 900 1455 omnia
909 1406 961 1456 tela
1002 1393 1005 1398 ’

290 1496 442 1562 conjicite,
455 1497 575 1551 &Rutuli
588 1503 594 1552 !
607 1516 650 1551 me
661 1500 774 1568 primam
785 1500 910 1554 absumite
921 1501 1001 1554 ferro.
1067 1483 1068 1486 Ἴ

289 1595 342 1645 Aut
351 1610 381 1645 tu
394 1634 402 1657 ‚
417 1610 512 1665 magne
521 1594 597 1648 Pater
605 1596 723 1661 Divdm,
734 1596 857 1651 miserere
867 1638 874 1661 ‚
885 1612 986 1667 tuoque
1032 1604 1083 1658 495

288 1691 407 1744 Invisum
416 1693 470 1745 hoc
478 1694 587 1746 detrude
595 1708 673 1762 caput
682 1694 728 1747 sub
737 1707 832 1747 tartara
841 1698 911 1760 telo,

290 1788 404 1853 Quando
416 1788 492 1841 aliter
501 1803 606 1866 moneo
618 1793 749 1845 crudelem
762 1793 915 1860 abrumpere
926 1792 1020 1845 vitam.

326 1886 388 1937 Hoc
396 1884 462 1937 fletu
472 1871 586 1938 conc'uffi
596 1886 696 1951 animi,
712 1888 871 1957 moestusque
881 1905 928 1957 per
939 1905 1033 1942 omues

290 1983 313 2033 lt
326 1983 441 2052 gemitus
454 2002 461 2035 :
474 1998 582 2053 torpent
593 1985 707 2038 infradiae
717 1988 749 2039 ad
761 1987 856 2055 proelia
868 1985 949 2040 vires.

291 2080 365 2134 illam
378 2082 564 2135 incendentem
575 2083 660 2136 ruerus
671 2086 754 2136 Idaeus
766 2083 898 2149 &Arion
1039 2091 1090 2144 500

292 2179 388 2232 Ilionei
399 2180 506 2233 monitu
518 2181 543 2232 δι
553 2181 666 2234 multitm
677 2182 847 2251 lacrymantis
859 2180 925 2248 ltili,

295 2275 450 2344 Corripiunt
462 2316 470 2340 ‚
485 2277 605 2346 interque
617 2294 710 2330 manus
723 2278 768 2331 sub
780 2277 848 2331 tedia
859 2293 1003 2347 reponunt.
1028 2288 1034 2302 ’

328 2373 435 2424 Attuba
447 2373 592 2425 terribilem
603 2373 721 2427 sonitum
733 2377 826 2443 procul
836 2393 887 2428 aere
899 2392 1000 2430 canoro

293 2469 426 2537 Increpuit
439 2488 445 2520 :
458 2469 576 2538 sequitur
586 2450 685 2523 cltlmor
699 2511 706 2535 ‚
718 2474 869 2542 coelumque
882 2474 1006 2545 remugit.

295 2566 761 2635 Accelerantadiparitertestudine
773 2569 886 2634 Volsci,
1041 2579 1089 2635 505

294 2663 324 2716 Et
334 2663 414 2717 fossas
426 2664 537 2733 implere
550 2679 642 2733 parant
654 2704 662 2729 ,
679 2681 708 2718 ac
719 2667 818 2718 vellere
830 2669 945 2720 vallum:

295 2762 424 2830 Quarum
435 2778 495 2830 pars
507 2763 622 2827 aditum,
638 2763 665 2816 δι
676 2763 751 2816 scalis
762 2763 899 2819 ascendere
909 2781 1018 2833 muros,
1107 2797 1110 2802 ·

293 2859 352 2928 Qui
362 2870 420 2912 rara
430 2857 467 2911 est
478 2859 548 2911 acies
559 2899 566 2924 ‚
579 2859 772 2930 interlucetque
783 2876 883 2915 corona

292 2961 355 3011 Non
366 2974 423 3010 tam
435 2955 511 3024 spilla
522 2956 598 3009 viris.
611 2957 740 3010 Telorum
749 2955 882 3013 effundere
892 2962 984 3016 contri

291 3056 385 3110 Omne
398 3059 480 3124 ge'nus
492 3054 588 3107 Teucri
602 3093 609 3118 ‚
622 3073 651 3108 ac
662 3057 733 3110 duris
743 3060 879 3113 detrudere
891 3061 999 3125 contis,
1045 3055 1097 3122 5⁶0

289 3151 838 3223 Affueti‘longomurosdefenderebello.
869 3145 872 3151 Δ
923 3167 927 3173 ’

858 3252 885 3303 D
905 3251 935 3319 vj
