2700 3925
423 403 665 489 Lirin
712 404 835 490 XII.
902 434 975 517 191

270 571 373 626 Accidit
382 571 438 622 haec
448 569 516 622 fessis
526 570 606 622 etiam
616 571 722 623 fortuna
731 571 831 625 Latinis
842 610 851 637 ,

240 669 300 735 Quae
310 684 398 722 rotam
407 668 480 720 ludin
489 667 616 720 concussit
624 668 743 721 funditus
751 670 854 723 urbem.

239 766 336 839 Regina
347 781 379 819 ut
390 764 468 818 testis
477 764 633 817 venientem
642 765 772 836 prospicit
780 765 882 819 hostem
893 805 901 832 ,
987 774 1035 828 595

239 863 325 917 lucelli
335 879 448 927 muros,
462 863 536 932 ignes
549 864 580 916 ad
592 862 659 916 tedia
671 866 782 924 volare3

239 961 373 1031 Nusquam
379 961 449 1013 acies
456 959 548 1014 contri
554 963 679 1026 Rutulas,
690 963 763 1014 nulla
772 960 877 1033 agmina
882 962 982 1017 Turni:

238 1056 333 1112 Infelix
342 1075 440 1129 pugnae
451 1058 578 1125 juvenem
590 1059 620 1111 in
630 1060 774 1113 certamine
784 1060 867 1114 credit

239 1152 401 1209 Mincium
411 1173 420 1215 ·‚
434 1156 475 1220 &‚
486 1155 573 1208 subito
583 1172 701 1209 mentem
711 1159 812 1210 turbata
822 1160 930 1223 dolote,

239 1251 267 1307 Se
275 1254 385 1307 causam
394 1254 490 1307 clamat
499 1252 652 1323 crimenque
661 1269 791 1323 caputque
801 1256 947 1312 malorum:
986 1246 1041 1301 600

238 1348 378 1421 Mtdtaque
388 1367 437 1420 per
445 1350 565 1404 tunellum
575 1353 683 1405 demens
695 1350 773 1404 effata
784 1353 921 1419 furorem,

237 1443 390 1518 Purpureos
400 1448 531 1501 moritura
543 1466 623 1502 manu
633 1450 755 1503 discindit
764 1450 875 1503 amicius
885 1490 894 1515 ,
905 1434 908 1442 ¹

232 1544 263 1600 Et
274 1548 382 1600 nodum
391 1544 515 1600 informis
525 1547 591 1599 lethi
600 1550 672 1601 trabe
682 1548 764 1602 neffit
773 1551 805 1603 ab
814 1552 876 1603 alta.

232 1643 326 1711 Quam
336 1643 438 1695 cladem
448 1643 549 1698 misera
558 1644 696 1720 postquam
710 1663 833 1715 accepere
846 1646 963 1713 Latinae,

229 1738 302 1795 Filia
314 1739 403 1811 prima
414 1759 494 1793 manu
505 1740 592 1811 flavos
604 1744 717 1796 Lavinia
727 1744 813 1797 crines
987 1738 1037 1805 605

229 1836 263 1893 Et
274 1839 371 1893 roseas
381 1838 478 1891 laniata
488 1856 567 1919 genas
578 1858 587 1899 ·‚
602 1854 659 1891 tum
671 1855 758 1893 cetera
769 1840 868 1893 circum

229 1935 326 1992 Turba
334 1935 401 1991 furit
411 1955 418 1991 ε
428 1935 553 1990 resonant
564 1935 618 1990 late
627 1937 799 2008 plangoribus
811 1939 898 1993 aedes:

229 2034 310 2090 Hinc
319 2048 407 2088 totam
419 2034 514 2087 infelix
523 2037 647 2104 vulgatur
655 2035 725 2087 fama
737 2051 784 2103 per
793 2035 895 2090 urbem.

229 2132 395 2186 Demittunt
407 2147 510 2184 mentes
522 2152 529 2185 ε
542 2133 564 2185 it
575 2132 653 2186 scissi
665 2132 737 2186 veste
749 2133 878 2197 Latinus,

229 2228 373 2299 Coniugis
384 2228 514 2280 attonitus
525 2228 739 2298 fatis,urbisque
749 2228 843 2294 ruini,
989 2227 1044 2280 610

230 2324 376 2379 Canitiem
386 2323 525 2377 immundo
534 2325 664 2393 perfusam
674 2328 785 2394 pulvere
796 2341 903 2394 turpans
915 2345 921 2379 :

230 2421 383 2491 Multaque
396 2421 422 2473 se
434 2420 535 2473 incusat
548 2460 555 2485 ,
571 2421 618 2489 qui
630 2438 687 2473 non
699 2421 828 2488 acceperit
840 2421 901 2474 ante

231 2518 407 2573 Dardanium
417 2517 532 2583 AEneau‚
545 2535 724 2588 generumque
733 2517 873 2570 adsciverit
881 2521 963 2574 ultro.

274 2621 383 2671 Interea
390 2631 517 2679 *extremo
528 2600 640 2668 bellatoi
651 2616 680 2667 in
691 2632 798 2685 aequore
809 2614 915 2669 Turnus

236 2715 363 2768 Palantes
374 2709 492 2782 sequitur
501 2727 618 2780 paucos,
634 2712 688 2780 jam
701 2709 825 2778 segnior,
842 2727 921 2780 atque
991 2713 1041 2781 615

235 2815 253 2868 J
255 2829 300 2866 am
309 2810 400 2864 mimis
409 2824 487 2878 atque
498 2807 585 2860 mimis
595 2805 710 2859 successu
717 2809 793 2860 laetus
803 2824 943 2877 equorum.

237 2909 339 2964 Attulit
347 2909 420 2960 hunc
431 2904 472 2958 illi
484 2903 561 2956 caecis
570 2904 714 2957 terroribus
725 2921 788 2957 aura
917 2970 920 2974 Ι

240 3008 433 3074 Commixtum
444 3005 588 3056 clamorem
599 3040 607 3065 ‚
624 3000 786 3071 arreciasque
797 3000 905 3072 impulit
913 3021 989 3062 autes

241 3105 368 3161 Confusa
385 3103 468 3157 sonus
477 3099 570 3167 tubis,
586 3099 613 3153 &
621 3098 753 3159 illatabilc
764 3116 893 3160 murmur.
