2700 3925
353 422 432 501 208
563 416 908 502 Vrnotzrr

349 578 481 635 Posterius
496 584 619 653 graviore
634 583 702 636 sono
715 582 765 635 tibi
775 582 853 636 musa
863 543 997 652 loquetur-

349 676 445 729 Nostra
454 717 462 742 ‚
472 680 569 732 dabunt
578 679 639 733 etim
650 679 756 732 securos
766 679 836 733 milri
845 695 974 748 tempora
982 671 1064 731 fluns

297 784 331 852 to
348 774 387 827 Ut
396 774 445 828 tibi
456 775 535 845 digna
543 791 591 830 tuo
601 772 738 845 poliantur
748 775 867 828 camina
877 767 969 830 seusun

349 871 460 925 Latonae
472 873 613 944 magnique
622 875 700 927 decus
710 873 790 928 lovis
800 890 880 927 aurea
891 875 982 943 proles

350 967 527 1023 Phoebuserit
539 969 622 1022 nostri
633 970 758 1039 princeps
770 972 797 1024 &
808 969 936 1023 carminis
946 967 1048 1033 austor,

350 1065 385 1119 Et
397 1065 531 1119 recinente
541 1068 602 1136 lyra
612 1067 701 1121 fautor
713 1087 720 1122 :
733 1067 788 1121 five
799 1068 981 1134 educatillum

350 1162 429 1217 Alma
439 1163 590 1218 Chimaeteo
599 1165 707 1219 Xantus
716 1165 820 1233 perfusa
828 1165 937 1234 liquore
947 1183 957 1229 3

298 1274 332 1329 15
352 1261 405 1315 Seu
416 1278 510 1316 nemus
520 1261 627 1315 Asteria
638 1301 646 1326 ‚
657 1262 703 1315 seu
713 1277 766 1331 qua
774 1259 905 1313 Parnaffia
913 1273 993 1329 rupes

351 1358 424 1411 Hinc
433 1372 512 1427 atque
521 1359 583 1411 hinc
594 1360 685 1428 patula
695 1356 843 1427 praepandit
854 1374 956 1411 cornua
964 1357 1057 1417 fronte,

352 1455 524 1526 Castaliaeque
536 1457 633 1510 sonans
644 1456 751 1526 liquido
763 1456 830 1525 pede
841 1455 939 1509 labitur
948 1454 1022 1509 unda

350 1550 466 1616 Quare,
480 1552 560 1620 pierii
570 1553 656 1606 laticis
669 1556 764 1618 deors,
780 1553 818 1607 ite
828 1592 836 1619 ,
848 1553 956 1607 sorores

351 1645 468 1713 Naides,
484 1649 650 1702 &celebrate
659 1651 751 1705 Deum
759 1651 901 1720 plaudente
914 1650 1022 1703 chorea:

245 1749 247 1751 ’
298 1754 334 1796 20
351 1745 385 1799 Et
395 1745 446 1800 tibi
456 1786 464 1811 ,
479 1745 568 1800 saneta
576 1745 651 1801 Pales
661 1787 669 1813 ,
685 1752 718 1802 ad
733 1765 813 1819 quarn
823 1763 938 1802 ventura
948 1740 1047 1802 tenurit

351 1843 491 1915 Agrestim
500 1847 571 1898 bona
579 1861 659 1908 cura,
675 1844 750 1915 sequi
762 1845 793 1899 lit
806 1843 990 1899 curatenentis

352 1940 450 1995 Aerios
460 1958 600 1996 nemorum
609 1941 707 1996 traiius
721 1983 729 2008 ‚
741 1943 884 2014 sylvasque
892 1941 1018 2023 virentes.

352 2038 394 2091 Te
405 2039 514 2092 cultrice
523 2057 608 2108 vagus
620 2041 700 2093 saltus
709 2039 782 2093 feror
791 2041 861 2094 inter
871 2041 898 2094 &
909 2039 984 2095 astra.

352 2134 389 2186 At
398 2149 427 2186 tu
437 2134 482 2187 cui
490 2135 593 2189 meritis
606 2137 693 2189 oritur
703 2134 799 2190 fiducia
809 2137 922 2201 chartis,

299 2239 331 2295 25
354 2229 454 2284 ouavi
462 2233 633 2296 venerande,
648 2232 717 2285 meis
729 2234 847 2285 adlabere
858 2233 974 2302 coeptis,

353 2327 448 2381 Saniie
456 2346 522 2398 puer
532 2347 540 2383 t
550 2328 599 2381 tibi
611 2345 727 2400 namque
737 2329 808 2383 canit
817 2347 874 2383 non
882 2330 978 2402 pagina
985 2330 1064 2383 bellun

265 2405 268 2412 Ι
352 2424 465 2498 Phlegra
478 2426 614 2498 Giganteo
625 2428 712 2497 sparsa
723 2427 760 2481 est
772 2445 825 2498 quo
836 2429 963 2499 sanguine
975 2431 1064 2485 tellus:

353 2525 411 2577 Nec
423 2527 586 2578 Centaureos
598 2524 722 2592 Lapithas
734 2525 871 2594 compellit
882 2525 912 2577 in
922 2528 1013 2580 ensis:

354 2623 417 2674 Urit
426 2621 611 2675 Etichthonias
623 2621 724 2675 Oriens
735 2638 794 2674 non
801 2621 906 2692 ignibus
918 2639 1010 2677 arces:

299 2721 337 2779 30
354 2719 419 2772 Non
430 2718 560 2789 perloffus
568 2718 671 2784 Athos,
682 2735 731 2772 nec
742 2735 840 2792 magno
848 2719 957 2773 vincula
967 2732 1053 2790 ponto

354 2817 369 2872 J
371 2815 427 2869 alia
437 2856 445 2881 ‚
459 2832 521 2870 meo
533 2829 650 2885 quarem
661 2813 715 2880 iarn
726 2815 782 2868 sera
792 2815 932 2870 volumine
943 2817 1058 2875 famarm

353 2914 420 2968 Non
435 2913 626 2982 Hellespontus
635 2910 745 2981 pedibus
758 2912 874 2980 pulsatus
886 2929 1039 2983 equorum,

356 3010 461 3066 Graecia
472 3013 533 3066 cum
541 3011 631 3066 timuit
639 3010 773 3065 venientis
785 3012 901 3082 undique
913 3013 1025 3070 Persas:

356 3109 455 3168 Mollia
462 3087 508 3172 sed
515 3110 590 3168 tenui
598 3112 666 3192 pede
676 3126 780 3170 clusere
788 3125 904 3167 saturno
911 3109 995 3167 νικῶ
