2700 3925
472 346 732 436 Lmen
781 336 897 428 VII.
988 369 1036 451 33

267 586 269 590 ι
294 513 474 584 Autuncaeque
485 523 580 567 manus
594 551 602 578 ,
613 510 726 573 Rutuli,
741 505 898 577 veteresque
908 501 997 559 Sicani
1007 540 1015 568 ,
1044 509 1097 565 795

295 610 328 661 Et
337 612 456 664 Sacranae
473 611 543 663 acies
557 648 566 673 ‚
582 609 611 661 δι
621 605 686 676 pieri
696 607 768 659 scuta
782 603 887 669 Labici,

293 706 348 773 Qui
359 708 444 759 saltus
456 745 463 769 ,
477 704 614 776 Tyberine
623 744 632 768 ,
642 719 718 769 tuos,
729 703 883 771 sacrumque
892 698 1002 753 Numici

281 802 381 857 'Littus
393 818 489 868 arant,
505 800 671 870 Rutulosque
684 813 810 853 exercent
818 813 931 851 vomere
943 798 1046 858 coller,'

297 900 485 970 Circaeumque
495 898 605 971 jugum,
618 897 692 968 queis
702 897 807 967 Jupiter
819 898 944 949 Anxurus
956 893 1027 948 arvis

280 993 435 1062 'Prasiden
450 998 477 1050 &
489 996 571 1050 viridi
583 998 698 1067 gaudens
710 994 822 1049 Feronia
833 996 895 1048 luco
905 1012 914 1054 ;
1048 988 1103 1041 800

300 1094 362 1157 Qua
371 1096 470 1147 Saturae
479 1093 547 1161 iacet
556 1087 612 1147 atra
620 1097 711 1164 palus,
726 1093 877 1165 gelidusque
889 1108 936 1161 per
947 1090 1015 1145 imas

304 1188 406 1253 Quarit
416 1190 466 1242 iter
476 1193 561 1243 valles
574 1205 653 1260 atque
665 1190 694 1243 in
706 1206 779 1244 mare
791 1189 914 1242 tonditur
922 1188 1018 1242 Ufens.

288 1283 291 1288 ’
339 1286 400 1338 Hos
413 1286 489 1356 super
499 1288 608 1341 advenit
617 1287 716 1341 Volsca
731 1288 763 1340 de
775 1301 853 1357 gente
864 1284 974 1338 Camilla
984 1274 1002 1348 ‚'

299 1383 405 1452 Agmen
414 1399 496 1453 agens
507 1383 628 1453 equitum
638 1384 664 1436 δι
674 1384 801 1437 florentes
811 1401 862 1437 aere
872 1398 991 1437 catervas
1002 1420 1010 1446 ,

282 1551 284 1556 Ι
299 1479 430 1533 Bellatrix
440 1498 447 1532 ε
459 1496 516 1532 non
525 1479 571 1531 illa
579 1482 641 1532 colo
651 1478 792 1533 calathisve
802 1480 936 1533 Minerva,
1051 1477 1101 1545 805

299 1576 440 1629 Femineas
451 1573 548 1628 assueta
557 1591 665 1636 manus3
677 1575 722 1630 sed
730 1575 826 1646 proelia
835 1576 915 1648 virgo

299 1675 380 1726 Dura
390 1671 464 1741 pati,
481 1671 608 1740 cursuque
623 1673 721 1740 pedum
733 1687 892 1741 prevertere
903 1687 1012 1729 ventos.

284 1780 286 1784 '
300 1770 352 1821 Illa
364 1770 411 1821 vel
421 1766 524 1821 intelle
533 1767 629 1838 segetis
639 1785 687 1836 per
696 1769 796 1822 summa
805 1771 913 1821 volaret

301 1863 453 1927 Gramina,
469 1880 518 1916 nec
528 1878 632 1917 teneras
644 1864 720 1917 cursu
732 1864 833 1919 laefiffet
844 1865 951 1920 aristas:

300 1963 358 2016 Vel
372 1979 443 2015 mare
454 1979 503 2031 per
513 1962 649 2028 medium,
663 1962 746 2018 flutio
754 1965 876 2034 suspensa
885 1964 1018 2030 tumenti,
1051 1966 1105 2019 810

301 2060 396 2112 Ferret
407 2058 475 2123 iter,
487 2061 585 2114 celeres
595 2076 645 2113 nee
652 2059 768 2139 tingeret
778 2078 885 2130 aquore
894 2065 1008 2131 plantas.

303 2157 384 2208 lllam
392 2155 481 2208 omnis
490 2155 568 2209 testis
577 2155 697 2227 agrisque
708 2155 789 2211 effusa
798 2157 940 2225 iuventus,

305 2253 446 2321 Turbaque
455 2251 566 2304 miratur
574 2264 704 2317 matrum,
714 2253 741 2305 &
749 2254 899 2325 prospectat
907 2270 1014 2311 euntem
1025 2266 1037 2326 ,‘

305 2347 437 2401 Attonitis
449 2348 555 2401 inhians
568 2349 663 2402 animis
674 2367 683 2410 ;
694 2365 725 2401 ut
734 2351 822 2420 regius
835 2350 906 2405 ostro

307 2446 486 2500 Velethonos
497 2447 572 2500 leves
581 2447 726 2509 humeros3
740 2462 771 2500 ut
781 2446 861 2502 fibula
874 2450 974 2504 crinem
1054 2456 1105 2524 815

307 2541 383 2594 Auro
392 2541 564 2604 intemelian
576 2544 687 2613 Lyciam
698 2560 727 2598 ut
736 2559 809 2616 gerat
819 2545 875 2614 ipsa
883 2548 1031 2615 pharetram
1042 2589 1051 2617 ,

308 2638 342 2692 Et
351 2637 526 2710 pastoralem,
543 2638 653 2709 prafixl
664 2641 789 2711 cuspide,
805 2657 934 2715 myrtum.
