2700 3925
360 430 438 528 184
559 424 903 511 AENrrnor

354 595 503 660 Sollicitat,
519 598 677 667 prensatque
687 596 777 668 tenqci
785 597 891 666 forcipe
900 596 1009 650 serrum.

296 704 347 757 405
357 694 436 746 Nulla
447 694 520 747 viarn
529 695 635 749 somma
644 696 731 767 regit,
747 695 815 748 nihil
829 694 924 749 audior
935 693 1032 762 Apollo

355 791 501 845 subvenit:
513 793 540 844 δι
549 792 634 845 savus
643 791 744 861 campie
755 791 841 862 magis
850 809 881 845 ac
890 791 975 862 magis
986 790 1081 842 horror.

356 889 786 959 Crebrescit‚propiusquemalum
791 887 901 944 estjam
907 891 1018 957 pulvere
1023 886 1105 940 coelum

356 986 430 1040 Stare
441 987 534 1040 vident
545 1007 551 1042 :
563 989 674 1042 subeunt
684 987 788 1057 equites
799 1026 807 1051 ,
824 986 964 1055 &spicula
974 982 1061 1038 castris

357 1083 448 1138 Densa
459 1085 554 1136 cadunt
565 1084 660 1137 mediis
670 1102 679 1136 r
688 1084 710 1136 it
718 1082 801 1136 tristia
808 1085 842 1136 ad
850 1083 950 1136 athera
958 1083 1058 1136 clamor

302 1179 512 1244 410Bellantum
523 1180 651 1247 juvenum
662 1218 670 1245 ‚
688 1181 791 1234 &duro
800 1181 848 1234 sub
857 1180 948 1234 Marte
956 1180 1096 1234 cadonum·

397 1277 448 1329 Hic
458 1278 552 1330 Venus
563 1277 673 1348 indigno
683 1277 739 1330 nati
749 1274 873 1330 contusa
884 1278 1003 1343 dolore,

359 1374 533 1428 Didiamnum
543 1373 661 1447 genitrix
672 1376 775 1428 Cretaea
782 1371 868 1441 carpit
878 1374 913 1426 ab
922 1373 969 1426 lde
981 1411 990 1437 ‚

360 1471 504 1525 Puberibus
515 1475 618 1526 caulem
626 1472 721 1537 soliis,
733 1470 836 1524 &flore
845 1485 1004 1524 comantem

361 1567 515 1636 Purpureo:
528 1585 585 1622 non
594 1569 639 1621 illa
648 1569 715 1623 seris
723 1567 862 1639 incognita
869 1566 961 1638 capris

306 1680 356 1733 415
368 1663 514 1732 Gramina,
527 1666 586 1719 edm
596 1682 673 1737 tergo
685 1669 808 1722 volucres
816 1666 917 1721 laesere
925 1664 1054 1736 sagitta.-

365 1764 426 1818 Hoc
436 1765 530 1818 Venus
540 1805 549 1830 ,
561 1764 673 1819 obscuro
683 1763 778 1819 sacient
787 1763 950 1818 circumdata
960 1761 1071 1828 nimbo.
1134 1813 1135 1822 ,

364 1862 470 1916 Detulit
480 1883 487 1916 ε
497 1864 549 1916 hoc
558 1862 643 1916 strsum
652 1860 732 1915 labris
740 1860 939 1929 splendentibus
948 1873 1055 1913 amnem

364 1960 453 2015 Inficit
465 2001 474 2027 ,
486 1959 590 2015 occult'e
599 1959 732 2013 medicant
744 1978 752 2020 ;
764 1956 917 2029 spargitque
928 1957 1040 2013 salubris

365 2059 509 2111 Ambrosia
521 2060 612 2111 succos
623 2097 631 2122 ‚
644 2058 671 2109 δι
682 2055 844 2110 odoriferam
854 2038 1013 2125 panaceam.

310 2173 364 2224 420
371 2156 451 2209 Fovit
460 2156 491 2208 ed
500 2158 598 2209 vulnus
607 2154 719 2225 lymphd
728 2156 867 2226 longevus
878 2155 967 2223 lapis,

364 2254 511 2323 Ignorans:
525 2251 663 2323 subitoque
676 2252 765 2306 omnis
776 2254 808 2306 de
821 2268 936 2321 corpore
946 2250 1018 2323 sugit

366 2350 475 2420 Quippe
487 2352 582 2415 dolor,
595 2352 685 2403 omnis
697 2349 767 2403 stetit
778 2349 834 2403 imo
845 2351 960 2403 vulnere
969 2343 1084 2420 sanguis:

365 2450 477 2519 Jamque
489 2449 576 2502 secuta
584 2465 694 2501 manum
702 2449 776 2501 nullo
785 2460 899 2516 cogente
908 2446 1005 2518 sagitta

365 2547 471 2602 Excidit
483 2587 491 2611 ‚
507 2562 585 2616 atque
597 2563 677 2599 novae
689 2545 789 2600 rediere
797 2544 828 2597 in
837 2544 947 2614 pristina
957 2546 1042 2601 viret.

311 2663 361 2718 425
372 2648 452 2699 Arma
463 2645 511 2700 citi
520 2658 662 2716 properate
672 2643 737 2697 viro
748 2663 755 2697 r
767 2641 831 2712 quid
841 2641 914 2695 statis
924 2644 935 2696 ἒ
947 2643 1020 2713 Iapis

365 2743 537 2808 Conclamat,
553 2742 705 2812 primusque
715 2739 819 2793 animos
829 2739 949 2793 accendit
958 2740 989 2793 in
998 2738 1101 2794 hosttmi

355 2841 429 2891 ‚Non
437 2842 493 2892 haec
501 2839 622 2893 humanis
633 2839 728 2908 opibus
739 2876 747 2901 ,
758 2853 814 2889 non
823 2852 878 2890 arte
890 2837 1015 2908 magistrd

364 2936 547 2998 proventuro,
557 2953 643 3006 neque
655 2951 697 2998 te,
710 2933 811 2996 AEnen,
824 2949 883 2986 mea
893 2933 1004 2989 dextera
1013 2936 1103 2990 servati

366 3032 456 3099 Major
465 3033 519 3103 agit
527 3034 619 3096 Deus,
632 3047 711 3100 atque
721 3046 802 3098 opera
811 3030 843 3082 ad
855 3028 957 3095 maiora
969 3032 1089 3093 remittit.

308 3142 365 3200 430
401 3133 449 3190 llle
462 3130 554 3189 avidus
566 3147 661 3204 pugne
673 3127 744 3187 sutas
756 3127 896 3185 incluserat
906 3145 976 3187 auro

263 3384 326 3466 ἱ
