2700 3925
421 343 499 425 ¹94
612 315 956 397 AErvarnos

414 478 521 530 Turrim
533 517 541 542 ‚
553 478 698 547 cumpadis
710 477 826 532 trabibus
838 494 919 547 quam
934 478 1057 529 eduxerat
1069 471 1087 542 ir

357 573 408 638 675
418 575 624 645 Subdideratque
635 590 727 640 rotas,
741 575 890 645 pontesque
903 573 1087 627 instraveratal

414 672 427 726 J
430 687 473 723 am
481 670 535 738 jam
544 672 615 735 sata,
626 671 722 735 soror,
733 671 874 740 superant3
888 669 977 724 absiste
989 666 1087 721 morari.

415 766 478 833 Qud
489 769 565 819 Deus
577 806 585 832 ‚
599 768 625 821 δι
636 764 692 837 qud
702 767 766 819 dura
776 779 857 819 vocat
865 766 975 820 fortuna
987 805 996 831 ‚
1012 765 1087 835 sequa

415 866 472 917 Stat
480 864 600 916 conserte
610 879 720 916 manum
725 862 817 916 AEneae
828 861 1087 934 3statquicquidacer

415 961 506 1013 Morte
517 959 572 1029 pati
582 978 591 1022 3
602 975 652 1013 net
663 977 707 1013 me
719 961 891 1025 indecorem,
904 977 1047 1031 germana,
1058 959 1087 1014 vi

359 1056 542 1126 680Amplids
552 1074 560 1110 t
572 1057 659 1122 hunc,
669 1056 802 1124 oro,s1ne
811 1073 854 1109 me
863 1057 952 1111 surere
962 1056 1025 1111 ante
1035 1057 1087 1111 suro

452 1153 553 1220 Dixit,
569 1154 597 1207 δι
605 1171 621 1207 e
630 1170 709 1207 curru
717 1154 812 1207 saltum
823 1154 895 1233 dedit
907 1153 985 1208 oritis
997 1152 1083 1213 arvis;

415 1251 518 1321 Perque
529 1249 617 1305 hostes
629 1290 638 1317 ‚
649 1268 698 1321 per
708 1253 762 1305 tela
773 1250 845 1317 ruit,
856 1238 1034 1322 moestamque
1045 1252 1087 1305 son

416 1348 542 1414 Deserit,
557 1365 588 1402 ac
598 1348 693 1418 rapido
702 1350 779 1403 eursu
787 1349 874 1403 media
883 1349 993 1421 agmina
1003 1346 1087 1418 rumpi

415 1445 455 1496 Ac
464 1444 551 1497 veluti
560 1445 661 1498 montis
673 1447 767 1500 saxum
778 1448 810 1500 de
821 1446 924 1500 vertice
936 1462 1055 1516 praeceps

361 1541 412 1607 685
423 1540 491 1593 cum
502 1540 556 1594 ruit
568 1541 691 1595 avulsum
703 1558 807 1609 vento,
819 1543 865 1596 seu
876 1542 996 1596 turbidus
1009 1542 1087 1596 imber

417 1635 520 1691 Proluit
532 1676 541 1704 ‚
558 1652 604 1691 aut
614 1638 691 1692 annis
702 1637 785 1692 solvit
795 1638 914 1707 sublapsa
926 1637 1061 1703 vetustas,

417 1735 509 1788 Fertur
519 1734 549 1788 in
559 1736 699 1804 abruptum
710 1751 808 1805 magno
820 1750 899 1787 mons
912 1733 1050 1804 improbus
1061 1731 1087 1788 ad

417 1832 588 1901 Exsultatque
600 1832 659 1885 solo
670 1869 679 1896 ,
691 1831 781 1901 sylvas
794 1870 802 1895 ,
818 1844 938 1883 armenta
950 1870 959 1895 ,
974 1831 1087 1902 virosqut

418 1930 564 2004 Involvens
574 1928 681 1982 secum:
692 1926 799 1996 disjedia
810 1945 858 1998 per
869 1927 976 2000 agmina
986 1930 1087 1983 Turnus

365 2031 418 2096 690
426 2025 468 2078 Sic
479 2025 550 2079 urbis
560 2025 613 2078 ruit
623 2027 655 2080 ad
664 2042 772 2091 muros,
781 2025 827 2079 ubi
835 2025 952 2094 plurima
960 2027 1021 2080 suso

421 2120 552 2192 Sanguine
561 2137 630 2174 terra
639 2124 728 2176 madet
737 2161 746 2186 ‚
756 2120 919 2191 striduntque
928 2123 1087 2179 hastilibuse

420 2216 609 2289 Significatque
618 2236 718 2284 mann,
730 2219 757 2272 δι
768 2235 865 2290 magno
875 2219 951 2273 fimul
967 2220 1087 2291 incipito

422 2316 522 2370 Parcite
533 2315 587 2384 jam
597 2356 605 2382 ,
615 2315 724 2376 Rutuli,
738 2315 764 2367 dt
773 2331 826 2368 vos
837 2318 908 2382 ,tela
917 2316 1052 2385 inhibete,
1061 2320 1087 2372 Le

422 2415 602 2484 Quaecumque
611 2413 648 2467 est
656 2414 782 2477 fortuna,
798 2428 858 2465 mea
866 2411 920 2467 est:
932 2431 975 2468 me
985 2415 1087 2471 veriust

367 2516 417 2579 695
427 2511 478 2564 Pro
489 2510 568 2564 vobis
577 2509 664 2565 soedus
675 2510 748 2563 luere
759 2547 768 2574 ,
781 2508 807 2561 δι
816 2510 956 2564 decernere
965 2513 1049 2570 ferro.

423 2605 568 2662 Discessere
579 2623 674 2660 omnes
685 2605 785 2671 medii,
796 2606 962 2677 spatiumque
975 2610 1081 2666 dedere.

459 2707 496 2757 At
504 2721 578 2772 pater
586 2704 685 2758 AEneas
695 2742 704 2769 ‚
716 2703 806 2758 andito
815 2705 925 2758 nomine
934 2706 1041 2774 Turni,

424 2799 567 2854 Deserit&
574 2817 686 2866 mutos,
699 2800 726 2853 δι
737 2801 852 2856 summas
862 2801 957 2855 deserit
966 2821 1040 2859 arces
1050 2824 1060 2867 ς

379 2966 390 2973 ἱ
425 2895 624 2969 Praecipitesque
629 2914 719 2951 moras
729 2913 823 2952 ornnes
833 2936 842 2963 ,
853 2914 936 2968 opera
947 2901 1041 2954 omnia
1051 2919 1087 2955 nu

368 3013 422 3063 700
429 2994 532 3052 Lentia
543 2997 677 3053 exsultans
688 3036 697 3063 ,
711 2996 926 3069 horrendumque
934 2997 1043 3055 intonat
1053 3017 1087 3055 arr
