2700 3925
362 440 417 514 70
535 413 890 496 'AEiunrnos

362 571 391 621 Si
403 588 455 639 qua
466 573 583 644 Phryges
595 591 649 642 prae
661 574 687 626 se
698 572 795 639 jadiunt
804 574 929 641 responsa
938 575 1053 627 Deorum.

308 677 338 730 13
347 682 356 731 5
366 669 411 720 Sat
423 670 482 723 fatis
492 671 646 740 Venerique
658 672 748 722 datum
758 708 766 733 ,
777 669 890 739 tetigere
900 669 1037 739 quddam

361 767 465 821 Fertilis
474 768 711 824 Ausonidtoes:
724 768 821 820 sunt&
829 784 889 821 mea
899 768 990 821 contra

360 865 423 918 Fata
432 865 499 918 inihi
509 905 516 931 ,
525 867 604 920 rferro
616 866 767 920 sceleratam
777 865 930 920 exscindere
944 854 1053 936 genten,

361 962 482 1033 Coniuge
493 962 632 1032 praereprd.
644 965 701 1018 Nec
711 964 783 1017 solos
792 963 877 1033 tangit
886 963 990 1015 Atridas

359 1059 408 1112 Iste
420 1062 515 1125 dolor,
528 1061 643 1131 solisque
653 1061 717 1113 licet
727 1077 821 1129 capere
832 1077 904 1130 arma
916 1057 1042 1130 Mycenis.

305 1168 357 1217 ¹40
364 1158 414 1211 Sed
422 1158 527 1227 periiffe
539 1160 619 1213 semel
628 1159 690 1212 saris
702 1157 747 1212 est.
760 1159 870 1212 Peccare
879 1158 967 1223 fuisset

301 1305 303 1310 .
358 1253 429 1308 Ante
441 1256 503 1309 satis
514 1295 522 1321 ‚
534 1257 640 1325 penitus
649 1254 732 1309 modi>
742 1272 798 1309 non
807 1273 890 1327 genus
901 1273 981 1309 omne
991 1258 1053 1325 perot

358 1352 523 1407 Femineum.
534 1353 638 1420 Quibus
646 1355 704 1407 haee
714 1353 795 1406 medii
807 1352 902 1407 fiducia
913 1353 994 1418 valli,

358 1448 540 1519 Fofl’arurnque
551 1469 652 1517 morae,
667 1452 734 1506 lethi
745 1452 895 1506 discrimina
906 1470 1001 1521 parva,

357 1546 432 1599 Dant
442 1546 557 1601 adimus.
570 1549 605 1601 At
615 1566 671 1601 non
680 1538 804 1602 viderunt
813 1549 914 1602 moenia
923 1548 1010 1615 Trojae

301 1654 349 1708 145
360 1643 480 1711 Neptuni
488 1644 611 1699 fabricata
622 1663 703 1698 manu
714 1646 847 1700 confidere
860 1646 888 1698 in
898 1645 992 1716 ignes?

356 1740 408 1793 Sed
417 1758 469 1795 vos
480 1781 488 1805 ‚
501 1741 592 1796 dleui
604 1783 612 1808 ,
624 1744 696 1797 ferro
709 1742 767 1812 quis
780 1743 896 1796 scindere
905 1745 1005 1796 vallum

355 1840 489 1909 rippam,
503 1842 530 1895 δι
539 1858 643 1894 mecum
655 1840 757 1893 invadit
769 1840 926 1909 trepidantia
939 1840 1031 1894 castra?

325 1957 334 1968 ·
354 1938 420 1993 Non
429 1938 508 1993 armis
518 1938 585 1992 inihi
596 1937 712 1992 Vulcani
726 1978 733 2003 ‚
749 1955 806 1992 non
817 1938 890 1992 mille
901 1938 998 1993 carinis

356 2036 399 2089 Est
408 2055 476 2106 opus
486 2038 514 2090 in
525 2038 644 2090 Teucros
656 2057 663 2090 ι
674 2038 769 2089 addant
780 2037 806 2089 se
819 2037 942 2105 protinus
953 2054 1042 2092 omnes

300 2147 351 2200 150
360 2135 458 2187 Etrusci
469 2133 558 2187 socios
572 2154 579 2188 z
593 2137 713 2188 tenebras
726 2136 752 2186 δι
765 2134 858 2186 inertia
870 2135 939 2188 furta

354 2230 479 2294 Palladii,
496 2231 567 2284 caefis
578 2232 686 2284 summae
700 2231 846 2284 custodibus
858 2231 944 2296 arcis,

352 2331 394 2382 Ne
403 2328 532 2387 timeant3
545 2345 594 2380 nec
605 2329 667 2397 equi
679 2345 747 2381 caeca
757 2329 901 2380 condemur
913 2329 942 2382 in
951 2334 1024 2385 alvo.

351 2427 422 2481 Luce
431 2429 517 2497 palam
530 2441 631 2479 certum
641 2424 677 2478 est
687 2425 742 2496 igni
752 2425 911 2480 circumdare
922 2445 1023 2483 muros.

328 2554 332 2560 ·
352 2525 430 2578 Haud
439 2525 485 2578 fibi
495 2542 555 2577 curn
565 2523 665 2576 Danais
677 2540 733 2575 rern
745 2524 807 2576 faxo
821 2524 846 2575 ἃ
858 2524 926 2590 pube
937 2525 1039 2594 Pelasga

298 2635 345 2688 ¹55
356 2622 412 2676 Effe
419 2621 656 2695 putent,decirnum
666 2618 945 2690 quosdistulirHeeior
952 2621 980 2673 in
987 2635 1053 2674 annu:

322 2698 329 2711 ⁶
352 2722 430 2773 Nune
440 2721 506 2772 adeo
517 2758 524 2784 ‚
537 2718 633 2772 melior
644 2715 772 2785 quoniam
786 2733 846 2784 pars
858 2716 914 2770 adia
925 2719 998 2784 dici,

351 2817 434 2883 Quod
443 2814 575 2885 superest,
587 2811 642 2866 lati
650 2813 718 2863 bene
728 2811 805 2882 gestis
815 2829 929 2882 corpora
938 2817 1013 2869 rebus

352 2912 509 2975 procurate,
520 2910 575 2964 viri
585 2949 593 2975 ‚
604 2910 756 2978 &pugnam
768 2909 870 2977 sperate
880 2911 974 2978 parati.

385 3011 489 3062 Interea
500 3006 615 3078 vigilum
625 3005 749 3059 excubiis
758 3006 874 3059 obsidere
886 3023 977 3076 portas

297 3105 349 3158 160
357 3105 426 3160 Cura
437 3107 513 3160 datur
523 3101 660 3174 Messapo,
673 3103 701 3158 ἃ
710 3103 812 3158 moenia
824 3102 929 3175 cingere
940 3100 1053 3159 flaminis.

241 3330 439 3536 ἱ,-
