2700 3925
233 523 237 528 -
291 489 293 494 ·
368 465 882 584 numennumen.
945 470 1025 578 269

280 631 378 701 Etiam
389 635 444 688 feffi
455 635 527 688 ibant
535 652 583 704 per
591 638 674 688 multa
683 634 784 687 filentia
794 634 881 688 noetis

282 733 422 785 Caedeutes
432 733 486 785 sese
496 752 503 785 τ
514 732 677 803 greffumque
686 732 716 784 in
724 731 793 784 teeba
803 730 912 788 Latinus

281 827 423 892 flexerat,
436 828 538 900 ingenti
547 830 663 881 turbatus
672 829 764 882 funere
773 842 900 880 mentem.

282 922 346 984 Unb
358 941 451 978 omnes
461 927 590 996 lacrymas
601 941 715 988 matres,
726 924 853 993 puerique
865 921 990 989 senesque

282 1021 454 1086 fundebant,
464 1021 734 1091 moestamimplentes
746 1021 889 1091 mugitibus
900 1020 1004 1074 urbem.

281 1097 385 1170 luscius
395 1133 518 1171 attentos
528 1121 638 1171 Daunus
648 1116 776 1187 supereffe
787 1119 893 1170 dolores
904 1156 914 1181 ,
975 1155 980 1173 2

282 1214 317 1265 Et
328 1228 420 1266 natum
431 1230 552 1268 extremo
562 1215 748 1283 consumptum
757 1216 845 1267 Marte
854 1214 992 1281 superbam

283 1311 408 1365 Effudiffe
419 1313 545 1378 animam,
553 1313 685 1383 largisque
694 1314 727 1365 ad
734 1312 836 1364 moenia
846 1312 906 1365 duci

285 1411 356 1461 eum
365 1410 505 1479 lacrymis,
517 1408 585 1462 alios
596 1408 710 1479 gemitus
720 1408 844 1477 curasque
855 1409 974 1463 fovebat.

284 1507 407 1574 Namque
417 1522 452 1557 ex
461 1504 563 1558 diversa
573 1507 695 1559 caderent
705 1507 767 1558 dum
777 1520 851 1575 parte
862 1504 968 1571 Latini,

284 1602 318 1653 Et
327 1601 413 1654 calido
425 1601 530 1654 Turnus
541 1602 652 1655 foedaret
662 1602 788 1673 sanguine
798 1618 913 1668 terram,

284 1701 387 1753 Urbem
398 1697 622 1769 ingensflamma,
632 1700 659 1751 δι
668 1717 759 1752 muros
768 1700 900 1754 invaserat
908 1703 993 1754 altore

284 1797 411 1849 Fumabat
422 1796 506 1865 ruptis
517 1796 607 1850 miseri
616 1796 700 1865 patris
709 1799 794 1850 Ardea
803 1797 895 1863 tectis,

284 1896 318 1947 Et
327 1907 386 1946 tota
394 1893 423 1945 in
433 1893 550 1957 cinerem
558 1895 699 1965 vergebat,
710 1894 811 1947 &astra
822 1894 920 1949 favillae

284 1992 413 2045 Altivolae
423 1991 585 2060 implebant,
597 2008 647 2066 nec
655 1993 714 2061 spes
724 1994 783 2062 plus
793 1995 846 2045 ulla
855 1991 956 2048 salutis.

285 2089 349 2142 Sive
357 2088 464 2158 quidem
469 2089 504 2142 fic
510 2090 570 2143 Diis
575 2089 701 2158 placitum
708 2090 760 2154 est,
771 2089 1018 2160 seupraesciaTurni

285 2187 396 2258 Signum
405 2201 435 2240 ut
443 2188 496 2241 fata
504 2188 594 2240 darem
601 2187 736 2240 horrendo
747 2189 834 2242 Marte
844 2183 986 2258 perempti.

320 2281 464 2352 Extemplb
476 2284 589 2337 concuffi
598 2285 717 2348 animos,
729 2287 882 2355 turbataque
892 2285 968 2338 cives

285 2381 396 2436 Petiora
407 2382 535 2435 cedentes
545 2421 555 2446 ,
565 2381 716 2435 miseranda
726 2381 804 2434 sortis
814 2381 937 2451 iniquum

284 2478 428 2532 Deflebant
436 2478 541 2541 casum,
552 2467 688 2548 longoque
697 2495 733 2531 ex
742 2478 834 2531 ordine
844 2494 940 2532 matres

285 2579 373 2646 Atque
386 2575 479 2628 avidos
488 2573 554 2628 totis
564 2574 700 2645 fugiebant
710 2574 811 2628 viribus
824 2575 910 2645 ignes.
924 2620 926 2625 .

285 2677 324 2727 Ac
336 2673 422 2726 veluti
433 2673 493 2726 crim
503 2671 578 2742 nigra
589 2673 686 2725 cohors
698 2671 810 2740 posuere
822 2672 930 2726 subalta

285 2772 405 2833 Arbore,
419 2770 446 2822 &
456 2769 486 2821 in
494 2767 550 2821 fiffa
561 2769 646 2822 radice
658 2767 754 2823 cubilia
763 2771 848 2839 longo

285 2861 414 2922 Formica
423 2865 860 2934 instantesoperi,fidurasecuris
943 2902 947 2909 ·

284 2965 439 3026 Incumbet,
449 2962 581 3032 versoque
591 2961 716 3033 infringat
725 2963 840 3017 culmine
852 2981 948 3033 parvas

285 3065 362 3116 Sava
374 3061 461 3124 casas,
472 3077 538 3112 mox
548 3059 668 3130 certatim
677 3062 731 3114 sese
743 3061 848 3132 agmine
859 3063 950 3130 sparso

287 3159 444 3230 corripiunt
455 3157 600 3230 moestique
609 3157 686 3232 fuga,
698 3159 858 3238 trepidaeque
866 3159 997 3214 ferunnu:

817 3256 850 3310 M
867 3273 889 3309 v
