2700 3925
368 444 444 547 138
554 437 900 521 AEuaruos
1116 425 1135 540 (

1118 551 1122 576 Ι

363 601 414 655 Per
424 602 515 673 sylvas
527 604 638 669 Teucri,
652 602 784 673 mixtique
794 602 906 672 impune
918 600 1017 665 Latini,
1119 595 1135 647 Ἐ

309 694 357 748 135
367 700 493 755 Erravere
504 700 583 772 iugis.
595 704 675 756 Ferro
686 702 763 756 sonat
772 702 825 756 lua
833 702 947 772 bipenni

361 799 490 853 Fraxinus
503 819 509 853 ι
522 813 646 854 evertunt
658 800 728 855 astas
741 802 773 854 ad
784 800 867 855 fidera
878 800 974 871 pinus:

360 893 469 949 Robora
480 912 528 949 nec
537 896 646 963 cuneis,
660 900 687 952 ἃ
696 900 814 952 olentem
826 898 947 953 scindere
957 898 1052 951 cedrum
1065 899 1072 957 ,“
1132 892 1135 938 ’ῑ

361 995 418 1047 Nec
430 992 549 1064 plaustris
563 994 660 1048 cessant
670 995 777 1050 vedare
789 996 959 1067 gementibus
970 1009 1055 1048 ornos.

397 1092 430 1143 Et
441 1089 494 1157 jam
504 1090 573 1144 sama
584 1094 681 1145 volans
693 1132 700 1157 ‚
715 1091 784 1146 tanti
795 1091 1048 1161 praenuntiamus,

308 1190 359 1238 ¹40
366 1187 517 1241 Evandrum
532 1188 700 1259 Evandrique
712 1191 809 1243 domos
823 1190 850 1243 δι
861 1189 965 1243 moenia
976 1188 1089 1257 complet,

361 1286 430 1353 Qua
442 1284 524 1339 modd
536 1285 668 1340 victorem
680 1286 758 1339 Lario
770 1285 889 1339 Pallanta
899 1287 1008 1340 ferebat.

252 1384 259 1396 '
361 1384 475 1437 Arcades
487 1384 519 1436 ad
530 1397 621 1452 portas
632 1399 724 1447 ruere,
736 1383 803 1436 &de
813 1381 1007 1437 morevetusto

363 1482 494 1533 Funereas
506 1498 616 1550 rapuere
627 1482 697 1534 faces
710 1499 718 1534 ε
731 1481 803 1535 lucer
812 1478 860 1533 via
868 1482 957 1552 longo

363 1575 465 1629 Ordine
475 1567 641 1628 flammarum
653 1595 662 1638 ·,
676 1577 703 1629 δι
711 1573 765 1630 Ιετὲ
774 1575 940 1631 discriminat
951 1593 1038 1649 agros.

308 1680 356 1734 145
368 1670 468 1725 Contra
479 1674 554 1725 turba
565 1672 703 1743 Phrygum
712 1674 826 1727 veniens
835 1674 991 1745 plangentia
999 1674 1095 1745 jungunt

361 1770 484 1841 Agmina.
498 1771 566 1838 Quae
577 1770 718 1841 postquam
730 1762 826 1825 matres
836 1771 976 1826 succedere
987 1771 1060 1826 testis
1096 1781 1099 1787 '

360 1868 510 1934 Viderunt,
523 1867 644 1921 moestam
659 1869 805 1921 incendunt
816 1870 979 1923 clamoribus
992 1872 1084 1923 urbem.

360 1966 397 2019 At
408 1984 467 2020 non
475 1968 626 2021 Evandrum
636 1967 709 2037 potis
714 1967 756 2039 ,ed
765 1966 809 2020 vis
818 1969 872 2037 ulla
882 1984 975 2022 tenere
985 1988 994 2030 3

360 2065 413 2117 Sed
421 2065 498 2118 venit
507 2065 537 2118 in
548 2064 652 2119 medios
664 2085 672 2118 ε
684 2066 783 2119 feretro
793 2065 911 2132 Pallanta
923 2065 1031 2136 reposto

310 2163 515 2227 150Procumbit
522 2163 689 2232 superatque
695 2164 777 2217 haret
783 2164 985 2233 lacrymansque
990 2158 1128 2235 gemensque

367 2261 400 2312 Er
410 2259 456 2312 via
464 2258 515 2311 vix
524 2261 630 2312 tandem
638 2259 704 2313 voci
714 2262 801 2312 laxata
814 2261 908 2314 dolore
920 2259 971 2314 este
1030 2250 1035 2257 ’
1098 2249 1101 2268 ³

360 2360 426 2411 Non
436 2358 507 2422 hac,
524 2357 622 2411 dPalla
635 2397 643 2421 ‚
659 2359 767 2411 dederas
779 2356 904 2427 promissa
915 2356 1038 2427 patenti,

362 2457 472 2510 Cautids
484 2470 515 2509 ut
523 2456 596 2509 saevo
605 2457 690 2508 velles
702 2457 844 2508 recredere
856 2455 950 2511 Marti.

362 2556 441 2608 Haud
450 2553 555 2624 ignarus
567 2569 641 2605 eram
652 2551 780 2621 quantum
789 2568 863 2604 nova
871 2551 957 2621 gloria
966 2552 996 2606 in
1008 2550 1100 2615 arnis‚·

309 2669 356 2722 ¹55
368 2653 400 2705 Et
411 2653 541 2722 praedulce
554 2653 633 2705 decus
642 2649 732 2718 primo
742 2649 885 2704 certamine
897 2648 995 2718 posset.

362 2750 491 2805 Primitiae
502 2749 609 2816 iuvenis
621 2747 741 2812 miserae,
753 2747 868 2817 bellique
879 2749 1028 2820 propinqui
1101 2754 1104 2763 ¹

361 2852 437 2903 Dura
446 2847 612 2910 rudimenta,
626 2847 652 2899 δι
665 2845 732 2898 nulli
744 2846 866 2899 exaudita
877 2846 1001 2899 Deorum

362 2948 437 3001 Vota
448 2946 591 3015 precesque
601 2960 667 2996 meae
679 2946 685 2996 !
697 2957 796 3013 tuque,
806 2942 824 2996 ὂ
835 2941 992 2996 sandliffima
1000 2940 1104 3010 conjua,‘

363 3042 439 3097 Felix
451 3056 538 3095 morte
548 3040 610 3105 tua,
627 3056 714 3108 neque
726 3039 755 3091 in
765 3041 836 3092 hunc
847 3040 951 3093 servata
960 3041 1091 3096 dolorem!

311 3137 363 3192 160
370 3139 470 3196 Contra
479 3156 531 3210 ego
542 3137 662 3193 vivendo
671 3135 727 3192 vici
738 3153 797 3192 mea
806 3137 858 3191 fata
869 3175 876 3202 ,
886 3136 1016 3208 superstes
1098 3145 1103 3154 '

262 3286 333 3460 ἱ
379 3498 383 3504 ,
