2700 3925
313 401 391 495 164
507 393 848 479 AErvurvoc

343 559 379 607 At
388 557 487 609 Triviae
500 558 584 611 custos
597 558 750 624 iamdudum
763 560 791 611 in
804 556 932 611 montibus
943 549 994 620 Op'ss
1063 529 1068 578 Ξ

307 655 369 706 Alta
379 641 450 707 sedet
458 655 567 708 summis
580 694 588 720 ,
603 656 754 725 spellatque
764 655 884 708 interrita
893 668 985 722 pugnas.
1067 641 1068 674 ³

308 753 399 820 thue
411 755 504 821 procul
517 753 606 805 medio
615 751 745 817 juvenum
755 751 784 804 in
793 755 907 806 damete
916 752 1017 805 {neuun

309 846 450 917 prospexit
460 847 526 902 tristi
536 851 673 902 multatam
682 862 770 902 morte
781 848 936 906 Camillam

254 938 498 1017 8401ngemuitque
509 986 517 1011 ‚
532 946 656 1016 deditque
671 948 719 1000 has
730 945 789 1000 into
800 945 909 1016 pectore
917 958 997 997 vocet:

311 1044 370 1096 Heu
380 1043 509 1107 nimium,
522 1043 601 1113 virgo
612 1082 620 1108 ,
635 1042 749 1096 nintilnn
760 1044 867 1096 crudele
875 1041 945 1095 luisti

312 1140 494 1210 Supplicium,
510 1141 629 1194 Teucros
639 1156 735 1194 conata
748 1140 872 1194 laceffere
882 1142 960 1193 bello.
999 1177 1003 1188 .

311 1240 368 1290 Nec
378 1236 426 1291 tibi
438 1236 678 1291 desertaeindumis
687 1236 795 1290 coluiffe
805 1237 922 1290 Dianam
1030 1223 1033 1228 ¹

312 1336 416 1388 Profuit
429 1374 436 1399 ,
453 1350 497 1388 aut
507 1334 606 1388 nostras
615 1335 729 1388 humero
738 1332 838 1403 geffille
850 1335 986 1402 pharetras.

258 1428 308 1493 845
318 1435 383 1486 Non
392 1449 481 1485 tamen
490 1432 643 1486 indecorem
653 1447 698 1494 tua
707 1447 735 1484 te
743 1430 847 1501 Regina
855 1429 961 1500 reliquit

313 1530 437 1582 Extrema
443 1528 718 1599 iamintnortemeque
724 1528 835 1582 hocfine
841 1524 1036 1582 nominetenm

314 1624 464 1695 Pergentes
475 1625 540 1689 erit,
551 1640 596 1677 aut
604 1627 702 1679 famam
710 1626 820 1696 patieris
829 1625 931 1680 inulta.

313 1723 383 1774 Nam
393 1722 553 1791 quicumque
563 1736 639 1775 tuum
648 1723 766 1778 violavit
774 1725 887 1777 vnlnere
899 1739 1005 1791 corpus,

316 1819 407 1873 Morte
417 1822 474 1872 luet
485 1818 589 1872 meriti.
601 1820 661 1871 Fuit
671 1819 764 1889 ingens
777 1834 870 1871 monte
880 1819 927 1873 sub
938 1821 988 1871 alto

261 1915 403 1988 850Regis
415 1915 550 1970 Dercenni
559 1930 665 1969 terreno
675 1932 711 1969 ex
719 1931 813 1985 aggere
822 1914 926 1968 bullum

316 2015 429 2083 Antiqui
440 2013 579 2073 Laurentis
591 2052 599 2077 ,
615 2014 751 2082 opacique
763 2013 824 2065 ilice
834 2012 942 2066 tellum.

317 2112 369 2163 Hic
380 2113 439 2164 Dea
448 2112 475 2163 se
485 2110 601 2179 primum
612 2110 706 2179 rapido
714 2110 892 2178 pulcherrima
904 2110 963 2163 nisu

317 2208 390 2261 sistit
402 2248 410 2273 ,
427 2208 454 2260 δι
464 2209 594 2261 Aruntem
604 2209 709 2260 tumulo
718 2207 866 2276 speculatur
877 2209 909 2259 ab
919 2209 982 2260 alto.

318 2307 358 2359 Ut
368 2306 438 2359 vidit
448 2307 594 2375 fulgentem
606 2306 686 2359 armis
697 2344 705 2369 ‚
717 2323 747 2358 ac
758 2322 828 2358 vana
839 2313 984 2359 tumentem
995 2320 1002 2354 r

263 2403 295 2470 85
304 2404 373 2469 5Cur
382 2444 390 2469 ‚
400 2404 502 2475 inquit,
516 2403 635 2457 diversus
648 2402 703 2455 abis
714 2405 725 2456 l
736 2403 788 2455 huc
798 2401 881 2470 dirige
891 2395 1017 2471 greffum:

318 2503 392 2568 Huc,
402 2501 534 2572 periture,
544 2500 609 2553 veni
619 2519 628 2560 ·,
639 2498 727 2568 capias
737 2513 766 2551 ut
776 2498 855 2567 digna
865 2497 983 2550 Camillae

319 2597 439 2655 Praemia.
450 2599 527 2651 Tune
536 2598 617 2650 etiam
628 2596 689 2649 telis
701 2594 816 2648 moriere
827 2594 944 2649 Dianae?

317 2697 415 2762 Dixit,
432 2695 557 2750 &aurati
567 2699 706 2750 volucrem
715 2692 833 2747 Threiffa
843 2694 964 2762 sagittam

318 2794 492 2864 Deprompfit
503 2791 624 2862 pharetti
634 2831 642 2856 ‚
654 2808 790 2860 cornuque
801 2789 901 2842 infensa
912 2786 1038 2852 tetendit,

263 2893 355 2946 860Et
366 2892 442 2945 ‹luxit
453 2890 534 2963 longe
545 2931 553 2956 ‚
566 2892 651 2943 ‹lonec
663 2904 773 2943 curvata
782 2887 886 2940 coirent

319 2995 391 3044 Inter
401 2992 427 3043 se
436 2990 538 3058 capita,
551 2991 578 3042 δι
589 2987 710 3041 manibus
718 2987 773 3052 jam
785 3000 905 3055 tangeret
915 2985 1015 3054 aequis,

319 3087 398 3147 Levi
408 3088 492 3142 aciem
503 3085 565 3147 ferri
576 3124 584 3151 ‚
596 3083 688 3140 dextri
698 3099 835 3154 nervoque
845 3081 982 3152 papillam.
