2700 3925
355 425 432 503 160
548 416 887 500 AENttnos

349 580 479 646 suscitat,
496 581 522 633 δι
533 580 643 634 stimulis
654 581 725 633 haud
736 577 864 632 mollibus
875 576 960 646 injicit
973 574 1028 630 irn.

349 677 420 746 Ergo
434 679 595 732 intercades
607 677 779 748 cedentiaque
789 676 898 748 agmina
908 675 1024 728 Tarchon

293 774 446 836 730Fertur
455 793 526 846 equo
538 816 546 841 ,
560 776 695 845 variisque
706 775 812 845 instigat
822 776 937 829 vocibus
948 775 1014 834 alas.

349 872 468 927 Nomine
475 890 606 944 quemque
612 889 724 934 vocant,
730 871 907 942 reficitquein
913 863 1084 941 proeliapdlot

350 969 420 1035 Quis
430 985 530 1034 ments,
541 970 559 1024 ὂ
569 986 713 1039 numquam
724 969 850 1033 dolituri,
860 968 880 1022 ὃ
889 969 991 1037 semper
996 966 1075 1018 inerret

350 1065 502 1136 Tyrrheni,
512 1084 571 1137 quae
582 1082 655 1120 tanta
665 1065 762 1120 animis
771 1057 881 1136 ignavia
891 1065 987 1119 venit?

350 1164 459 1216 Femina
470 1167 589 1233 palantes
601 1166 656 1236 agit
667 1204 676 1230 ‚
689 1181 768 1234 atque
778 1164 835 1216 haec
846 1164 954 1234 agmina
964 1160 1054 1215 vertit!

296 1275 312 1324 7
316 1269 346 1325 35
356 1258 419 1326 Quo
426 1261 542 1316 fetrum?
550 1262 648 1331 quidve
654 1264 710 1315 haec
717 1261 833 1332 gerimus
839 1263 892 1314 tela
899 1260 974 1314 irrita
980 1256 1080 1312 dextris?

351 1358 388 1410 At
398 1376 455 1412 non
466 1358 496 1411 in
506 1360 641 1413 Venerem
650 1360 743 1432 segnes
752 1359 935 1429 nodiutnaque
946 1360 1025 1421 bella,

351 1456 406 1542 Aut
415 1456 461 1508 ubi
470 1474 551 1510 curva
560 1459 657 1511 choros
670 1458 769 1512 indixit
778 1457 843 1511 tibia
853 1458 972 1522 Bacchi,

352 1552 509 1620 Exspedlare
518 1555 597 1622 dapes
608 1556 634 1607 ἃ
645 1559 732 1624 plenae
740 1558 837 1625 pocula
845 1556 955 1611 mensa.

354 1648 406 1701 llic
413 1665 497 1715 amor,
503 1651 556 1703 hoc
561 1650 684 1713 studium,
691 1655 753 1706 dum
759 1654 829 1706 sacta
835 1654 963 1706 secundus
969 1651 1088 1720 haruspex

299 1759 353 1811 740
359 1745 472 1800 Nuntiet
482 1787 490 1812 ,
507 1765 536 1802 ac
547 1750 623 1802 lucos
635 1765 717 1803 vocet
727 1748 811 1803 hostia
822 1749 931 1820 pinguis
943 1751 973 1804 in
983 1752 1057 1803 altor.

392 1845 458 1900 Haec
468 1843 577 1911 effatus,
588 1863 687 1915 equum
696 1846 725 1900 in
736 1845 839 1900 medios
849 1848 996 1901 moriturus
1007 1847 1088 1916 &ipit

356 1943 500 2009 concitat,
517 1944 543 1998 δι
554 1944 664 1999 Venulo
675 1944 813 1998 adversum
823 1943 850 1997 se
861 1944 981 1999 turbidus
991 1945 1084 2005 infern

355 2043 557 2113 Dereptutnque
566 2043 598 2094 ab
607 2058 678 2110 equo
687 2041 779 2093 dextri
788 2041 975 2110 complestitut
983 2041 1088 2105 hostem

355 2137 389 2189 Et
400 2137 531 2207 gremium
542 2152 602 2190 ante
612 2137 688 2190 suurn
697 2136 780 2190 multi
787 2136 818 2191 vi
828 2139 951 2192 concitus
961 2141 1056 2196 auen.

300 2250 350 2304 745
360 2235 477 2287 Tollitur
486 2235 516 2286 iu
526 2237 625 2287 coelum
637 2218 756 2298 clamor,
770 2233 911 2305 cundlique
920 2236 1011 2291 Latini

353 2330 523 2385 ¹Convettdte
535 2334 629 2384 oculos
637 2334 727 2385 :volat
738 2331 832 2402 igneus
844 2350 954 2403 aequore
962 2333 1083 2389 Tarchon

356 2430 437 2483 Arma
444 2429 589 2507 ¹virumque
600 2429 705 2483 fetens:
716 2445 774 2483 tutu
784 2429 886 2483 summa
898 2430 979 2499 ipfius
990 2434 1022 2486 ab
1031 2431 1088 2485 halt

355 2527 491 2596 Destingit
502 2528 600 2581 ferrum
613 2566 620 2592 ‚
638 2527 665 2579 δι
675 2542 763 2598 partes
775 2527 885 2581 rimatur
896 2544 1000 2597 apertas
1010 2569 1019 2595 ,

356 2624 417 2692 Qud
430 2627 528 2678 vulnus
539 2626 636 2679 lethale
647 2626 722 2679 ferat.
736 2624 836 2678 Conni
847 2625 893 2679 ille
902 2643 1055 2697 repugnans

299 2720 474 2787 75oSustiuet
484 2721 600 2793 aiugulo
613 2724 733 2777 dextram
745 2761 754 2787 ,
767 2723 794 2775 δι
802 2722 861 2775 vim
870 2722 974 2777 viribus
986 2724 1056 2782 exit.

356 2820 447 2888 thue
457 2820 553 2873 volans
564 2817 616 2873 alt'e
626 2833 731 2887 raptum
742 2819 802 2873 clun
812 2819 1039 2893 fulva-draconem

355 2917 416 2967 Fert
421 2913 705 2985 aquila‚implicuitque
712 2917 881 2985 pedes‚atque
887 2919 1021 2988 unguibus
1027 2920 1086 2977 11aess

356 3012 463 3065 Saucius
476 3027 502 3064 at
514 3013 620 3082 serpens
630 3012 733 3065 finuosa
743 3013 883 3067 volumina
893 3017 997 3083 versat,

355 3108 520 3181 directisque
531 3109 622 3167 horret
632 3109 747 3183 squamis
759 3149 767 3177 ,
779 3111 806 3163 δι
814 3109 897 3164 findat
910 3127 978 3179 ore,
1051 3118 1059 3187 s
