2700 3925
352 409 434 505 246
548 405 904 489 Vruorart

385 566 493 621 Vocare
504 567 567 622 :ubi
578 571 693 639 appulsa
702 582 772 622 rates

296 681 329 733 50
348 664 424 717 Stant
436 665 465 718 iu
474 666 550 720 vadis
560 685 640 721 coeno
650 681 759 721 retente
771 667 900 734 sordido,

388 761 532 833 Macraque
541 763 669 817 luciantes
682 782 759 834 aqua.

350 854 445 929 Neque
454 860 483 913 iu
492 862 625 927 malinam,
638 863 665 917 &
673 862 753 917 uasta
762 863 938 934 compitalia,

387 957 529 1028 Dapesque
539 961 612 1013 ducis
624 960 759 1015 sordidas:

352 1054 456 1122 Quibus
466 1059 582 1125 repletus
593 1097 601 1122 ,
612 1072 643 1111 ut
652 1057 772 1111 salivofis
783 1057 862 1128 aquis
869 1098 884 1125 ,

300 1173 329 1224 55
390 1152 505 1206 Obesaru
516 1156 548 1207 ad
556 1171 671 1208 uxorem
681 1154 768 1219 redis,

352 1250 385 1301 Et
396 1248 532 1305 aestuantes
542 1250 619 1305 ἀοᾶὲ
628 1250 712 1305 solvis
724 1250 844 1321 pantices
855 1289 868 1317 ,

390 1348 432 1401 Os
444 1350 526 1420 usque
538 1348 631 1403 lambis
643 1348 733 1405 saviis.

353 1447 431 1499 Nunc
440 1447 523 1513 laede,
539 1464 609 1501 nunc
618 1444 729 1512 laccho,
742 1444 920 1519 iiquiiquam
928 1450 1016 1505 vaiet

391 1543 424 1593 Et
435 1559 536 1596 nomeu
546 1545 664 1599 adscribo
676 1559 762 1601 tuum.

298 1644 334 1697 60
356 1635 463 1691 Cinaede
472 1637 537 1693 Luci
547 1679 557 1705 ,
568 1656 602 1693 an
613 1653 639 1693 te
651 1641 817 1713 reliquerunt
827 1644 920 1713 oper?

390 1736 521 1807 Fameque
532 1736 641 1810 genuini
652 1754 761 1809 crepant
770 1740 783 1794 ‚²

311 1823 314 1828 ¹
353 1835 461 1889 Videbo
472 1838 611 1890 habentem
621 1851 718 1906 prater
729 1837 844 1908 ignavos
854 1837 925 1893 nihil

392 1934 493 1987 Fratres
505 1975 512 1999 ‚
529 1935 556 1987 &
570 1934 666 1988 iratum
677 1934 776 1990 Joueru
787 1949 806 2001 ‚·

354 2027 517 2098 Scifftuuque
528 2045 668 2096 ventrem,
684 2032 711 2083 &
719 2030 836 2085 herniofi
845 2031 936 2102 patrui

300 2135 331 2201 65
391 2125 473 2178 Pedes
485 2126 573 2179 inedia
582 2127 712 2197 turgidos.

500 2226 543 2274 Ad
556 2224 673 2285 ⁴Venerem
690 2225 807 2277 dedicatio
823 2224 956 2282 AEaeidos.

355 2319 384 2374 Si
394 2301 461 2374 inihi
470 2320 618 2389 susceptum
629 2320 710 2374 fuerit
723 2322 860 2375 decurrere
872 2339 990 2395 munus,

393 2419 420 2472 Ο
431 2419 559 2488 Paphon,
573 2418 590 2472 ὃ
602 2419 675 2472 sedes
686 2436 744 2488 quae
756 2418 824 2472 colis
835 2418 948 2474 Idalias:

357 2517 455 2571 Troius
464 2517 560 2570 AEneas
570 2517 692 2570 Romana
703 2532 751 2585 per
763 2515 862 2585 oppida
871 2517 956 2587 digno

393 2616 408 2669 J
410 2632 453 2666 arn
462 2615 568 2667 tandem
578 2627 608 2665 ut
617 2628 706 2665 tecum
715 2612 832 2665 carmine
841 2612 937 2668 vecius
945 2628 1004 2668 eat:

324 2735 334 2786 ς
356 2715 421 2764 Non
433 2729 484 2781 ego
496 2711 572 2763 thure
584 2707 684 2774 modo,
701 2724 746 2762 aut
760 2707 831 2777 picti
842 2725 888 2765 tua
899 2701 1079 2782 templanum

396 2809 525 2872 Ornabo‚
539 2808 649 2876 &puris
661 2806 728 2860 serta
737 2807 820 2861 feram
831 2808 954 2864 manibus
970 2829 979 2871 ε

358 2906 490 2975 Corniger
500 2907 550 2959 hos
563 2904 632 2958 aries
640 2903 750 2956 humilis
763 2943 770 2969 ‚
788 2905 815 2956 &
823 2904 943 2960 maxima
953 2921 1038 2960 taurus

396 3003 514 3056 Victima
525 3005 638 3057 sacratos
651 3003 736 3072 tinget
747 3003 850 3054 honore
861 3003 950 3059 focos.

251 3086 253 3089 ¹
360 3102 579 3173 Marmoreusque
592 3101 640 3155 tibi
655 3141 663 3166 ‚
679 3102 738 3155 Dea
751 3099 976 3165 ,verficoloribus
987 3100 1037 3158 alic
