2700 3925
420 429 668 513 brnen
717 428 836 513 XII,
902 435 974 541 185

238 588 980 663 Hincatquehinc3oditquemoras‚hastamquecoruscat.

238 686 379 757 Postquam
388 686 481 741 habilis
490 688 568 741 lateri
577 691 688 759 clypeus
700 690 835 760 loricaque
844 705 920 760 tergo
930 688 980 754 est,

237 783 380 839 Ascanium
390 783 452 836 fufis
463 784 562 838 circium
571 785 757 854 compleffltur
766 787 846 839 armis
858 826 867 852 ,

238 882 401 952 Summaque
410 899 457 951 per
466 885 567 953 galeam
576 883 694 937 delibans
704 885 792 938 oscula
800 886 883 938 fatur:

239 979 962 1053 Disce‚puer,virtutemexme,verumquelaborem3
986 994 1037 1048 435

239 1076 385 1129 Fortunam
394 1095 430 1131 ex
440 1078 509 1134 aliis.
519 1081 597 1132 Nunc
609 1094 635 1131 re
645 1096 704 1132 mea
713 1081 819 1133 dextera
827 1080 899 1132 bello

240 1172 388 1226 Defensum
396 1174 467 1228 dabit
478 1214 486 1240 ,
498 1176 525 1229 δι
534 1193 628 1246 magna
639 1175 709 1229 inter
718 1175 825 1245 praemia
836 1178 923 1229 ducet.

242 1268 281 1321 Tu
292 1269 395 1335 facito,
406 1288 473 1325 mox
484 1273 544 1325 cum
553 1288 655 1326 matura
664 1273 812 1326 adoleverit
821 1286 883 1325 aetas
896 1310 904 1336 ‚

243 1366 280 1422 Sis
288 1369 986 1440 memon&teanimorepetentemexemplaruotum,

243 1464 358 1535 Etpater
368 1466 480 1531 ἄικας,
496 1469 679 1521 &avunculus
691 1466 909 1521 excitetHedior.
988 1483 1043 1531 440

276 1565 344 1617 Haec
356 1565 402 1616 ubi
413 1564 482 1618 dicta
491 1565 562 1619 dedit
574 1605 582 1630 ‚
595 1564 681 1634 portis
694 1566 748 1619 sese
760 1563 857 1618 extulit
865 1564 958 1635 ingens
970 1606 977 1629 ‚

243 1659 339 1714 Telum
349 1660 465 1714 immane
475 1679 554 1714 manu
564 1662 782 1731 quatiens:srmul
792 1662 897 1732 agmine
906 1663 987 1715 denso

239 1757 415 1827 Antheusque
424 1758 627 1826 Mnestheusque
637 1773 730 1818 ruunt3
742 1757 880 1825 omnisque
890 1757 989 1810 relictis

239 1852 332 1909 Turba
341 1854 402 1909 fluit
413 1855 500 1910 castris
513 1875 520 1909 ι
532 1871 590 1909 tum
601 1872 673 1909 caeco
683 1857 793 1924 pulvere
803 1870 911 1922 campus

236 1950 392 2018 Miscetur,
407 1954 535 2024 pulsuque
545 1954 643 2022 pedum
652 1952 743 2007 tremit
753 1951 840 2006 excita
849 1953 937 2007 tellus.
991 1969 1043 2021 445

235 2048 322 2104 Vidit
332 2052 366 2103 ab
376 2051 487 2104 adverso
496 2050 637 2105 venientes
647 2067 742 2120 aggere
751 2051 875 2114 Turnus,

234 2146 346 2202 Videre
358 2147 489 2211 Ausonii,
503 2148 655 2218 gelidusque
667 2165 716 2217 per
727 2148 780 2201 ima
790 2147 904 2200 cucurrit

238 2245 310 2300 ona
320 2260 433 2300 tremor.
444 2245 532 2298 Prima
540 2260 601 2298 ante
613 2262 708 2299 omnes
719 2246 832 2300 Juturua
842 2243 954 2297 Latinos
1012 2298 1015 2305 ,

235 2343 338 2397 Audiit
351 2381 360 2406 ,
375 2343 539 2412 agnovitque
551 2344 646 2398 sonum
657 2383 665 2408 ‚
686 2344 712 2395 δι
723 2341 874 2395 tremefadia
884 2339 990 2410 refugit.

237 2440 292 2495 Ille
304 2441 383 2494 volat
396 2479 404 2503 ‚
416 2456 565 2508 campoque
577 2456 663 2501 atrum
674 2439 743 2506 rapit
754 2453 849 2507 agmen
861 2450 963 2505 aperto.
992 2458 1047 2510 450

242 2537 343 2607 Qualis
359 2535 406 2590 ubi
420 2538 453 2589 ad
467 2551 548 2591 terras
564 2537 675 2604 abrupto
683 2535 767 2587 fidere
779 2533 884 2586 nimbus

242 2637 268 2688 It
280 2651 355 2688 mare
367 2650 416 2702 per
426 2631 544 2685 medium
555 2652 563 2686 t
576 2632 680 2685 miseris
691 2633 744 2683 heu
758 2636 763 2684 !
777 2629 883 2698 praescia
892 2627 974 2700 longb

246 2729 414 2784 Horrescunt
423 2731 505 2785 corda
512 2728 635 2798 agricolis
647 2748 654 2781 z
670 2728 740 2781 dabit
752 2728 796 2781 ille
808 2726 897 2781 ruinas

247 2827 394 2882 Arboribus
406 2825 568 2896 stragemque
578 2825 659 2886 satir,
674 2839 733 2881 ruet
745 2824 835 2879 omnia
845 2824 913 2880 late:
974 2842 976 2846 ·

249 2926 416 2982 Antevolant
429 2962 436 2988 ,
451 2922 620 2990 sonitumque
632 2923 719 2976 ferum
728 2923 761 2974 ad
768 2921 860 2975 littora
870 2923 956 2980 venti.
994 2949 1045 3004 455

249 3024 322 3076 Talis
335 3023 365 3076 in
376 3020 501 3076 adversos
512 3018 604 3072 ductor
615 3019 751 3072 Rhoeteius
760 3018 847 3073 hostes

250 3123 355 3197 dgrnen
363 3118 419 3194 agir
429 3117 518 3175 :densi
527 3115 618 3173 cuneis
627 3117 654 3171 se
664 3115 774 3188 quisque
786 3114 886 3172 coatus
