2700 3925
986 946 2050 1033 PRAECONIA

1438 1119 1596 1184 DE

865 1272 2138 1390 VIRGILIO

767 1500 910 1570 ET
996 1502 1542 1574 EJUSDEM
1627 1460 2186 1574 opEmus.

1029 1680 1676 1764 Qurunzumus
1725 1684 1898 1750 Lm.
1924 1686 2001 1749 X.

770 1778 991 1893 {nl-:M
1013 1840 1172 1896 nobis
1195 1858 1292 1914 per
1313 1842 1590 1898 Romanos
1616 1859 1842 1914 quoque
1864 1844 2092 1898 auctores
2110 1837 2194 1893 ordo

766 1939 1032 1993 ducendus
1065 1938 1157 1995 est.
1189 1940 1375 2009 Itaque
1411 1952 1472 1995 ut
1500 1941 1640 2010 apud
1670 1938 1804 1994 illos
1841 1943 2132 2004 Homerus,
2157 1936 2196 1988 fit

766 2036 904 2101 apud
931 2051 1035 2088 nos
1064 2035 1330 2106 Virgilius
1353 2036 1826 2106 auspicatiffimum
1861 2041 2058 2094 dederit
2092 2050 2198 2091 exor-

764 2131 947 2185 dium:
984 2132 1228 2187 omnium
1260 2132 1377 2199 ejus
1406 2134 1614 2206 generis
1642 2151 1932 2206 poetarum
1953 2138 2200 2191 Graecorun
2227 2182 2228 2189 ,

764 2190 1169 2303 nostrormnque
1191 2232 1273 2286 illi
1291 2231 1598 2287 hauddubie
1618 2234 1930 2302 proximus.
1957 2238 2086 2289 Utar
2109 2228 2202 2285 enin

766 2328 944 2382 verbis
968 2328 1191 2394 iisdem,
1217 2348 1333 2399 quae
1359 2332 1421 2384 ab
1442 2330 1575 2384 Afro
1592 2331 1893 2385 Domitio
1877 2333 2086 2399 juvenis
2107 2341 2202 2382 acce·

768 2427 825 2495 pi
851 2465 867 2491 ,
899 2427 991 2497 qui
1026 2427 1158 2480 mihi
1196 2426 1546 2498 interroganti
1566 2466 1583 2492 ,
1612 2419 1789 2505 quern·
1818 2430 2060 2483 Homero
2082 2426 2202 2481 crede·
2254 2428 2256 2432 ’

764 2540 845 2576 ret
868 2523 1103 2577 maxime
1133 2525 1377 2576 accedere
1402 2542 1415 2576 :
1443 2525 1711 2578 Secundus
1736 2562 1753 2588 ,
1781 2525 1967 2596 inquit
1987 2567 2002 2593 ,
2024 2526 2094 2580 est
2122 2521 2202 2576 Vw

765 2622 924 2691 gilius
943 2641 962 2683 ·‚
993 2621 1218 2691 propior
1235 2636 1415 2674 tamen
1435 2621 1611 2690 primo
1633 2661 1648 2685 ‚
1674 2621 1840 2691 quizm
1859 2626 2043 2679 tertio.
2058 2625 2115 2676 Et
2127 2622 2207 2673 her·

765 2723 845 2773 cle
870 2760 885 2784 ,
915 2735 975 2772 ut
998 2720 1078 2772 ini
1107 2733 1306 2772 naturae
1325 2718 1524 2771 coelesti
1555 2733 1713 2787 atque
1733 2719 2036 2776 immortali
2051 2714 2202 2775 ‹zefferi-

766 2833 884 2868 mus
910 2856 925 2880 ,
955 2817 1030 2869 ita
1066 2834 1201 2869 curae
1235 2817 1286 2868 &
1320 2814 1607 2886 diligentiae
1636 2818 1728 2868 vel
1760 2815 1890 2872 ideo
1921 2821 1984 2874 in
2009 2822 2106 2874 hoc
2128 2819 2202 2887 plus

765 2911 838 2961 cst
858 2951 873 2975 ,
900 2915 1046 2981 quod
1077 2913 1130 2966 ei
1163 2912 1264 2967 fuit
1298 2912 1467 2982 magis
1501 2913 1848 2966 laborandum
1870 2956 1885 2980 ‚
1921 2918 1978 2970 δε
2008 2925 2202 2988 quantum

766 3007 1209 3063 eminentioribus
1230 3008 1498 3062 vincimur
1519 3049 1534 3074 ,
1568 3009 1782 3063 fortasse
1807 3016 2105 3084 aequalitatc
2119 3024 2202 3082 pen·

765 3106 957 3161 samus.
984 3106 1165 3161 Ceteri
1186 3125 1375 3163 omnes
1394 3107 1556 3181 longe
1579 3107 1892 3179 sequuntur.
