2700 3925
471 411 731 492 CIRI'S.
893 436 973 521 237

230 568 372 639 (Namque
383 568 442 639 ipso
449 569 538 623 verita
547 569 584 623 est
593 570 681 624 orbari
693 567 786 623 moesta
796 582 904 638 parente
915 572 926 638 )

230 667 371 720 cumlove
378 667 528 719 communis
535 667 581 736 qui
589 669 724 735 quondam
729 666 843 719 habuere
850 680 971 737 nepoteaz
981 665 1029 733 365

229 764 308 816 Nunc
316 778 399 817 ettam
408 762 522 817 confiat
531 766 596 818 dolo
605 764 741 818 mendacia
750 763 822 833 turpi
956 773 958 777 “

230 860 358 926 Invenit,
371 860 398 913 δι
409 861 513 914 Divrlm
523 875 605 915 terret
615 861 759 915 formidine
770 860 839 915 civls
850 878 858 915 t

231 958 310 1011 Nunc
321 941 374 1010 alia
384 957 421 1010 ex'
429 955 508 1022 aliis,
520 973 570 1011 nec
581 958 674 1011 desunt
685 996 693 1020 ,
705 956 798 1011 omina
811 956 916 1028 querit.

233 1053 400 1121 Quinetiam
408 1054 492 1108 castos
501 1056 562 1109 ausa
570 1053 607 1108 est
618 1072 788 1124 corrumpere
796 1071 888 1111 vates:

233 1152 290 1217 Ut,
302 1155 365 1205 clim
376 1153 441 1205 caesa
452 1153 500 1221 pin
508 1152 640 1207 cecidiffet
648 1154 760 1207 vidima
773 1155 863 1219 ferto,
985 1164 1037 1219 370

235 1245 339 1313 Rident,
352 1248 400 1317 qui
411 1264 539 1319 generum
548 1250 645 1303 Minoa
654 1249 805 1304 antiatibus
815 1250 886 1305 extis

236 1345 353 1416 ludgere
365 1384 374 1410 ,
386 1346 413 1399 δι
422 1346 551 1416 ancipites
560 1347 698 1400 suaderent
709 1350 804 1401 tollere
815 1329 931 1420 pugnas(

238 1444 272 1496 At
282 1442 378 1496 nutrix
386 1444 475 1513 patula
484 1461 650 1515 componens
663 1445 760 1499 sulfura
768 1445 851 1511 testi,

239 1539 388 1594 Narcissum
398 1579 406 1606 ,
418 1541 582 1612 casiamque,
593 1544 687 1596 herbas
696 1543 813 1596 incendit
822 1542 921 1597 olentis
930 1558 942 1598 t

241 1636 347 1707 Terque
358 1654 467 1691 novena
477 1638 541 1709 ligat
550 1639 649 1709 triplici
662 1639 765 1694 diversa
776 1642 868 1695 colore
990 1655 1038 1710 375

241 1735 308 1789 Fila:
317 1734 532 1805 teringremium
538 1752 643 1788 mecum
650 1775 658 1800 ‚
665 1736 769 1805 inquit,
778 1736 986 1807 despue‚vitgo.

241 1832 352 1902 Despue
363 1846 423 1897 ter,
437 1832 517 1903 virgo
528 1851 536 1885 ι
548 1848 661 1885 numero
669 1833 745 1886 Deus
755 1831 856 1900 impare
865 1834 971 1904 gaudet.

241 1928 307 1985 lnde
318 1930 332 1986 J
335 1928 385 1982 ovi
396 1930 514 2001 geminat
523 1944 620 2000 magno
629 1929 759 2001 stygialia
767 1930 856 1997 sacra,

242 2029 323 2082 Sacra
335 2043 385 2080 nec
395 2027 471 2080 Idaeis
480 2027 585 2080 senihtu
595 2067 604 2092 ‚
620 2043 669 2081 nec
679 2028 787 2099 cognita
796 2027 898 2087 Graiis.

241 2125 335 2195 Pergit
346 2126 486 2196 Amyclaeo
497 2125 621 2196 spargens
632 2125 724 2177 altaria
734 2127 836 2193 thalla,
995 2131 1049 2197 380

242 2221 329 2293 Regis
337 2221 459 2274 Iolciacis
468 2220 587 2276 animum
596 2219 710 2291 defigere
721 2222 806 2278 votis.

243 2321 372 2384 Verum,
383 2319 429 2372 ubi
438 2319 510 2372 nulla
519 2334 613 2373 movet
621 2318 741 2372 stabilem
749 2318 850 2374 fallatia
858 2319 968 2388 Nisum,

243 2420 307 2473 Nec
314 2415 422 2486 possunt
430 2416 554 2470 homines
561 2455 570 2481 ,
578 2432 628 2469 nec
636 2413 744 2485 poliunt
753 2414 858 2470 dedere
869 2417 956 2472 Divi:

247 2514 360 2582 (Tanta
368 2513 405 2567 est
415 2514 445 2568 in
453 2530 539 2583 parvo
547 2512 643 2569 fiducia
651 2513 725 2568 crine
732 2514 844 2567 cavendi
855 2517 884 2584 z)

247 2612 352 2666 Rursus
363 2613 394 2664 ad
406 2611 543 2680 inceptum
553 2610 653 2665 sociam
662 2612 691 2665 se
701 2609 820 2682 adiungit
828 2613 959 2679 alumna,
999 2620 1048 2688 385

249 2710 470 2779 purpureumque
480 2723 554 2777 parat
564 2708 652 2762 rursus
662 2709 773 2762 tondere
784 2708 927 2778 capillum,

254 2810 325 2862 Cum
335 2809 420 2876 longo
431 2802 565 2875 quodiam
575 2819 663 2874 captat
674 2805 823 2860 succurrere
832 2806 928 2862 amoti.

253 2904 417 2958 Nonminus
424 2902 998 2975 illatamenrevehi,quodmoeniacrescant,

256 3003 396 3060 Gaudeat:
407 3004 435 3056 &
442 3001 527 3055 cineri
536 3000 627 3070 patriae
636 2999 673 3053 est
681 2999 794 3066 jucunda
802 3001 915 3072 sepulto.

256 3101 326 3175 Ergo
336 3115 411 3156 metu
419 3098 501 3170 capiti
509 3095 761 3169 Scyllaeiiinimita
770 3114 892 3170 paterno.
1003 3123 1056 3179 390
