2700 3925
354 440 377 515 8
549 436 888 522 AEnraznos

297 613 349 651 120
357 599 494 653 Continui>
507 621 514 655 :
527 604 623 668 Salve,
639 604 700 658 fatis
710 606 776 657 mihi
786 605 872 658 debita
883 606 979 663 tellum

351 697 481 767 Vosque,
493 699 547 766 ait,
561 701 578 754 ὂ
590 700 636 753 fidi
646 700 753 768 Trojae,
766 701 864 754 salvete
876 739 883 764 ,
900 700 1021 752 Penates.

352 794 405 847 Hic
411 795 515 861 domus,
520 798 576 850 hac
582 797 666 866 patria
672 797 716 850 est.
725 795 842 850 Genitor
848 796 914 849 mihi
922 796 984 848 talia
993 794 1076 861 (namt

351 893 431 946 Nunc
439 896 553 963 repeto)
565 893 692 956 Anchises
703 894 819 947 fatorum
830 910 922 946 arcana
931 893 1056 963 reliquit:

354 990 423 1044 Cum
433 1004 478 1055 te,
491 1005 570 1054 nate,
585 991 668 1044 fames
680 992 772 1061 ignota
784 994 815 1045 ad
826 991 917 1056 littora
926 990 1034 1043 vedum

300 1099 348 1149 125
358 1086 455 1140 Accisis
465 1101 543 1157 coget
552 1087 661 1156 dapibus
671 1088 827 1140 consumere
839 1089 942 1141 mensas
952 1126 960 1152 ,

354 1186 425 1238 Tum
436 1185 539 1253 sperare
548 1186 644 1237 domos
655 1183 765 1237 defessus
776 1224 783 1249 ‚
797 1174 885 1253 ibique
897 1200 1034 1237 memento

354 1281 444 1334 Prima
454 1283 542 1334 locare
551 1297 632 1333 manu
641 1279 785 1349 molirique
797 1297 890 1351 aggere
901 1282 977 1335 tecla.

355 1378 489 1438 Haecerat
499 1378 545 1431 illa
555 1378 657 1438 famer,
671 1379 727 1431 haec
737 1394 788 1432 nos
802 1378 923 1447 suprema
931 1382 1069 1444 manebat,

356 1474 455 1527 Exitiis
464 1476 580 1544 positura
589 1477 709 1530 modum.

303 1571 451 1639 130Quare
463 1570 532 1641 agite
543 1592 553 1633 ·‚
570 1573 597 1626 δι
611 1571 701 1642 primo
713 1573 774 1627 laeti
785 1591 845 1627 cum
854 1573 955 1627 lumine
967 1571 1038 1626 Solis

358 1667 426 1733 Quae
432 1670 584 1738 loca‚quive
590 1671 702 1724 habeant
707 1672 841 1736 homines,
847 1672 892 1725 ubi
898 1671 1000 1724 moenia
1006 1667 1076 1741 genti

359 1764 546 1834 vestigemus,
563 1768 590 1821 δι
601 1785 616 1821 a
627 1782 708 1837 portu
719 1768 822 1821 diversa
833 1781 963 1836 petamus.

358 1863 437 1914 Nunc
447 1877 549 1930 pateras
559 1864 638 1917 libate
647 1863 730 1928 lovi,
746 1863 917 1932 precibusque
926 1879 1023 1917 vocate

285 1951 289 1964 ’
360 1958 492 2014 Anchisen
502 1960 669 2030 genitorem,
683 1962 709 2014 ἃ
717 1960 782 2014 vina
790 1960 914 2030 reponite
924 1962 1030 2019 mensis.

307 2083 319 2120 t
325 2078 356 2135 35
397 2056 441 2109 Sic
452 2056 546 2110 deinde
555 2042 667 2122 effatus,
680 2057 815 2121 frondenti
826 2072 947 2126 tempora
957 2075 1033 2112 ramo

360 2152 496 2224 inplicam
505 2154 545 2218 dt,
553 2153 723 2223 Geniumque
730 2139 784 2206 lodi
791 2193 798 2218 ,
806 2154 972 2224 primamque
978 2158 1076 2210 Deortu

362 2254 512 2317 Tellurem,
523 2252 714 2322 Nymphasque
727 2251 753 2303 δι
763 2252 846 2303 adhuc
855 2251 947 2320 ignota
956 2268 1076 2320 precatur

362 2349 501 2406 Flumina:
513 2363 571 2402 tum
580 2348 694 2402 Nostem
705 2387 712 2413 ,
725 2348 863 2417 nodisque
872 2348 988 2402 orientia
996 2348 1068 2420 signa

364 2450 516 2518 ldaeumque
524 2446 838 2521 lovem‚Phrygiamque
848 2462 883 2499 ex
892 2446 985 2499 ordine
995 2462 1076 2508 matre

310 2571 322 2610 t
326 2571 362 2621 40
368 2549 480 2614 Invocat
490 2586 498 2612 ‚
512 2545 667 2614 &duplices
681 2545 813 2614 coeloque
824 2544 963 2612 Ereboque
974 2560 1076 2614 parente

365 2646 418 2699 Hic
426 2644 503 2699 Pater
513 2641 686 2711 amnipotens
695 2654 735 2692 ter
748 2642 818 2693 coelo
828 2641 912 2694 clarus
922 2641 953 2692 ab
964 2643 1021 2695 alto

364 2740 487 2796 Intonuit
498 2779 506 2806 ‚
517 2737 646 2807 radiisque
657 2737 792 2791 ardentem
800 2735 867 2789 lucis
879 2737 982 2791 &auro

365 2838 426 2910 lpse
436 2853 517 2890 manu
526 2835 646 2905 quatiens
656 2833 768 2898 ostendit
777 2835 808 2887 ab
818 2834 913 2886 aethere
923 2836 1030 2892 nubem.

366 2933 477 2989 Diditur
486 2933 530 2987 hic
539 2931 625 2986 subitd
634 2930 750 2999 Troiana
758 2948 806 3000 per
815 2931 920 3000 agmina
929 2948 1035 2998 rumor,

314 3058 363 3113 145
373 3029 513 3086 Advenille
523 3030 592 3082 diem
602 3045 657 3098 quo
666 3029 752 3081 debita
761 3026 861 3079 moenia
870 3028 993 3082 condant.

370 3127 498 3193 Ceffltim
509 3126 650 3181 instaurant
660 3127 750 3196 epulas
761 3164 769 3191 ,
781 3139 859 3194 atque
869 3123 960 3202 emine
970 3141 1067 3198 magno
